%YAML 1.1
%TAG !u! tag:unity3d.com,2011:
--- !u!1 &74764458331881533
GameObject:
  m_ObjectHideFlags: 0
  m_CorrespondingSourceObject: {fileID: 0}
  m_PrefabInstance: {fileID: 0}
  m_PrefabAsset: {fileID: 0}
  serializedVersion: 6
  m_Component:
  - component: {fileID: 2091904583195566476}
  - component: {fileID: 1976819281472649472}
  m_Layer: 0
  m_Name: Kyber
  m_TagString: Untagged
  m_Icon: {fileID: 0}
  m_NavMeshLayer: 0
  m_StaticEditorFlags: 0
  m_IsActive: 1
--- !u!4 &2091904583195566476
Transform:
  m_ObjectHideFlags: 0
  m_CorrespondingSourceObject: {fileID: 0}
  m_PrefabInstance: {fileID: 0}
  m_PrefabAsset: {fileID: 0}
  m_GameObject: {fileID: 74764458331881533}
  m_LocalRotation: {x: -0.7071068, y: 0, z: -0, w: 0.7071068}
  m_LocalPosition: {x: 0.03628206, y: 1.7742748, z: -0.015059016}
  m_LocalScale: {x: 1, y: 1, z: 1}
  m_Children: []
  m_Father: {fileID: 8526348565172711916}
  m_RootOrder: 2
  m_LocalEulerAnglesHint: {x: 0, y: 0, z: 0}
--- !u!137 &1976819281472649472
SkinnedMeshRenderer:
  m_ObjectHideFlags: 0
  m_CorrespondingSourceObject: {fileID: 0}
  m_PrefabInstance: {fileID: 0}
  m_PrefabAsset: {fileID: 0}
  m_GameObject: {fileID: 74764458331881533}
  m_Enabled: 1
  m_CastShadows: 1
  m_ReceiveShadows: 1
  m_DynamicOccludee: 1
  m_MotionVectors: 1
  m_LightProbeUsage: 1
  m_ReflectionProbeUsage: 1
  m_RayTracingMode: 0
  m_RenderingLayerMask: 1
  m_RendererPriority: 0
  m_Materials:
  - {fileID: 2100000, guid: 7b3ceb6e6f4c45645b22c337f7ddc0bb, type: 2}
  m_StaticBatchInfo:
    firstSubMesh: 0
    subMeshCount: 0
  m_StaticBatchRoot: {fileID: 0}
  m_ProbeAnchor: {fileID: 0}
  m_LightProbeVolumeOverride: {fileID: 0}
  m_ScaleInLightmap: 1
  m_ReceiveGI: 1
  m_PreserveUVs: 0
  m_IgnoreNormalsForChartDetection: 0
  m_ImportantGI: 0
  m_StitchLightmapSeams: 1
  m_SelectedEditorRenderState: 3
  m_MinimumChartSize: 4
  m_AutoUVMaxDistance: 0.5
  m_AutoUVMaxAngle: 89
  m_LightmapParameters: {fileID: 0}
  m_SortingLayerID: 0
  m_SortingLayer: 0
  m_SortingOrder: 0
  serializedVersion: 2
  m_Quality: 0
  m_UpdateWhenOffscreen: 0
  m_SkinnedMotionVectors: 1
  m_Mesh: {fileID: -5885317328970064256, guid: 48af7782b90082e4e8f42414b60609cf, type: 3}
  m_Bones:
  - {fileID: 1492147846878669185}
  m_BlendShapeWeights: []
  m_RootBone: {fileID: 1492147846878669185}
  m_AABB:
    m_Center: {x: -1.902267, y: 0.009179175, z: 0.035552844}
    m_Extent: {x: 0.17446184, y: 0.084013104, z: 0.07142185}
  m_DirtyAABB: 0
--- !u!1 &279741805659735615
GameObject:
  m_ObjectHideFlags: 0
  m_CorrespondingSourceObject: {fileID: 0}
  m_PrefabInstance: {fileID: 0}
  m_PrefabAsset: {fileID: 0}
  serializedVersion: 6
  m_Component:
  - component: {fileID: 6385332213666075847}
  - component: {fileID: 3643148880303950443}
  m_Layer: 0
  m_Name: Handle_
  m_TagString: Untagged
  m_Icon: {fileID: 0}
  m_NavMeshLayer: 0
  m_StaticEditorFlags: 0
  m_IsActive: 1
--- !u!4 &6385332213666075847
Transform:
  m_ObjectHideFlags: 0
  m_CorrespondingSourceObject: {fileID: 0}
  m_PrefabInstance: {fileID: 0}
  m_PrefabAsset: {fileID: 0}
  m_GameObject: {fileID: 279741805659735615}
  m_LocalRotation: {x: -0.7071068, y: -5.418597e-19, z: 5.418597e-19, w: 0.7071068}
  m_LocalPosition: {x: 5.532045e-34, y: 1.6939683, z: 3.609557e-16}
  m_LocalScale: {x: 0.958202, y: 0.958202, z: 1}
  m_Children: []
  m_Father: {fileID: 8526348565172711916}
  m_RootOrder: 1
  m_LocalEulerAnglesHint: {x: 0, y: 0, z: 0}
--- !u!137 &3643148880303950443
SkinnedMeshRenderer:
  m_ObjectHideFlags: 0
  m_CorrespondingSourceObject: {fileID: 0}
  m_PrefabInstance: {fileID: 0}
  m_PrefabAsset: {fileID: 0}
  m_GameObject: {fileID: 279741805659735615}
  m_Enabled: 1
  m_CastShadows: 1
  m_ReceiveShadows: 1
  m_DynamicOccludee: 1
  m_MotionVectors: 1
  m_LightProbeUsage: 1
  m_ReflectionProbeUsage: 1
  m_RayTracingMode: 0
  m_RenderingLayerMask: 1
  m_RendererPriority: 0
  m_Materials:
  - {fileID: 2100000, guid: 74b1ade09f8d0844f980f84aa1933ada, type: 2}
  m_StaticBatchInfo:
    firstSubMesh: 0
    subMeshCount: 0
  m_StaticBatchRoot: {fileID: 0}
  m_ProbeAnchor: {fileID: 0}
  m_LightProbeVolumeOverride: {fileID: 0}
  m_ScaleInLightmap: 1
  m_ReceiveGI: 1
  m_PreserveUVs: 0
  m_IgnoreNormalsForChartDetection: 0
  m_ImportantGI: 0
  m_StitchLightmapSeams: 1
  m_SelectedEditorRenderState: 3
  m_MinimumChartSize: 4
  m_AutoUVMaxDistance: 0.5
  m_AutoUVMaxAngle: 89
  m_LightmapParameters: {fileID: 0}
  m_SortingLayerID: 0
  m_SortingLayer: 0
  m_SortingOrder: 0
  serializedVersion: 2
  m_Quality: 0
  m_UpdateWhenOffscreen: 0
  m_SkinnedMotionVectors: 1
  m_Mesh: {fileID: 7192778934925236363, guid: 48af7782b90082e4e8f42414b60609cf, type: 3}
  m_Bones:
  - {fileID: 1492147846878669185}
  m_BlendShapeWeights: []
  m_RootBone: {fileID: 1492147846878669185}
  m_AABB:
    m_Center: {x: -1.9018763, y: 0, z: 0.00000008940697}
    m_Extent: {x: 0.20790803, y: 0.18209232, z: 0.18209234}
  m_DirtyAABB: 0
--- !u!1 &1312337814834322581
GameObject:
  m_ObjectHideFlags: 0
  m_CorrespondingSourceObject: {fileID: 0}
  m_PrefabInstance: {fileID: 0}
  m_PrefabAsset: {fileID: 0}
  serializedVersion: 6
  m_Component:
  - component: {fileID: 1492147846878669185}
  m_Layer: 0
  m_Name: LS_Bone
  m_TagString: Untagged
  m_Icon: {fileID: 0}
  m_NavMeshLayer: 0
  m_StaticEditorFlags: 0
  m_IsActive: 1
--- !u!4 &1492147846878669185
Transform:
  m_ObjectHideFlags: 0
  m_CorrespondingSourceObject: {fileID: 0}
  m_PrefabInstance: {fileID: 0}
  m_PrefabAsset: {fileID: 0}
  m_GameObject: {fileID: 1312337814834322581}
  m_LocalRotation: {x: 0.5000013, y: -0.5000013, z: 0.4999987, w: -0.4999987}
  m_LocalPosition: {x: -0, y: 0, z: -1.0498457e-17}
  m_LocalScale: {x: 1, y: 1, z: 1}
  m_Children: []
  m_Father: {fileID: 8526348565172711916}
  m_RootOrder: 3
  m_LocalEulerAnglesHint: {x: 0, y: 0, z: 0}
--- !u!1 &3586304110456892978
GameObject:
  m_ObjectHideFlags: 0
  m_CorrespondingSourceObject: {fileID: 0}
  m_PrefabInstance: {fileID: 0}
  m_PrefabAsset: {fileID: 0}
  serializedVersion: 6
  m_Component:
  - component: {fileID: 8808788065364846383}
  - component: {fileID: 647718095616600318}
  - component: {fileID: 1818475774940587714}
  - component: {fileID: 4945337289994913890}
  m_Layer: 15
  m_Name: CustomHilt
  m_TagString: Untagged
  m_Icon: {fileID: 0}
  m_NavMeshLayer: 0
  m_StaticEditorFlags: 0
  m_IsActive: 1
--- !u!4 &8808788065364846383
Transform:
  m_ObjectHideFlags: 0
  m_CorrespondingSourceObject: {fileID: 0}
  m_PrefabInstance: {fileID: 0}
  m_PrefabAsset: {fileID: 0}
  m_GameObject: {fileID: 3586304110456892978}
  m_LocalRotation: {x: 0.7071068, y: -0, z: -0, w: 0.7071068}
  m_LocalPosition: {x: 0, y: 0, z: -0.0024}
  m_LocalScale: {x: 0.014579999, y: 0.014579999, z: 0.014579999}
  m_Children:
  - {fileID: 8526348565172711916}
  m_Father: {fileID: 3308374064669806585}
  m_RootOrder: 10
  m_LocalEulerAnglesHint: {x: 90, y: 0, z: 0}
--- !u!136 &647718095616600318
CapsuleCollider:
  m_ObjectHideFlags: 0
  m_CorrespondingSourceObject: {fileID: 0}
  m_PrefabInstance: {fileID: 0}
  m_PrefabAsset: {fileID: 0}
  m_GameObject: {fileID: 3586304110456892978}
  m_Material: {fileID: 0}
  m_IsTrigger: 0
  m_Enabled: 1
  m_Radius: 1.154489
  m_Height: 14.529965
  m_Direction: 1
  m_Center: {x: -0.035913922, y: 0.44535464, z: -0.013761344}
--- !u!114 &1818475774940587714
MonoBehaviour:
  m_ObjectHideFlags: 0
  m_CorrespondingSourceObject: {fileID: 0}
  m_PrefabInstance: {fileID: 0}
  m_PrefabAsset: {fileID: 0}
  m_GameObject: {fileID: 3586304110456892978}
  m_Enabled: 1
  m_EditorHideFlags: 0
  m_Script: {fileID: 11500000, guid: df710fb68de61bb4989f3f822c6787de, type: 3}
  m_Name: 
  m_EditorClassIdentifier: 
  materialName: WeaponBlunt
--- !u!114 &4945337289994913890
MonoBehaviour:
  m_ObjectHideFlags: 0
  m_CorrespondingSourceObject: {fileID: 0}
  m_PrefabInstance: {fileID: 0}
  m_PrefabAsset: {fileID: 0}
  m_GameObject: {fileID: 3586304110456892978}
  m_Enabled: 1
  m_EditorHideFlags: 0
  m_Script: {fileID: 11500000, guid: 4ed02ad330bebe744b52781c925a08c0, type: 3}
  m_Name: 
  m_EditorClassIdentifier: 
  hitInfo:
    templateName: Metal
    weightAmongMultiple: 1
--- !u!1 &6321534595043706890
GameObject:
  m_ObjectHideFlags: 0
  m_CorrespondingSourceObject: {fileID: 0}
  m_PrefabInstance: {fileID: 0}
  m_PrefabAsset: {fileID: 0}
  serializedVersion: 6
  m_Component:
  - component: {fileID: 7525203586857764397}
  - component: {fileID: 877804530749410655}
  m_Layer: 0
  m_Name: Handle
  m_TagString: Untagged
  m_Icon: {fileID: 0}
  m_NavMeshLayer: 0
  m_StaticEditorFlags: 0
  m_IsActive: 1
--- !u!4 &7525203586857764397
Transform:
  m_ObjectHideFlags: 0
  m_CorrespondingSourceObject: {fileID: 0}
  m_PrefabInstance: {fileID: 0}
  m_PrefabAsset: {fileID: 0}
  m_GameObject: {fileID: 6321534595043706890}
  m_LocalRotation: {x: -0.7071068, y: 0, z: -0, w: 0.7071068}
  m_LocalPosition: {x: -0, y: 0, z: 0}
  m_LocalScale: {x: 0.476624, y: 0.476624, z: 1}
  m_Children: []
  m_Father: {fileID: 8526348565172711916}
  m_RootOrder: 0
  m_LocalEulerAnglesHint: {x: 0, y: 0, z: 0}
--- !u!137 &877804530749410655
SkinnedMeshRenderer:
  m_ObjectHideFlags: 0
  m_CorrespondingSourceObject: {fileID: 0}
  m_PrefabInstance: {fileID: 0}
  m_PrefabAsset: {fileID: 0}
  m_GameObject: {fileID: 6321534595043706890}
  m_Enabled: 1
  m_CastShadows: 1
  m_ReceiveShadows: 1
  m_DynamicOccludee: 1
  m_MotionVectors: 1
  m_LightProbeUsage: 1
  m_ReflectionProbeUsage: 1
  m_RayTracingMode: 0
  m_RenderingLayerMask: 1
  m_RendererPriority: 0
  m_Materials:
  - {fileID: 2100000, guid: 1c5ffdd44e3bef84da893391ef4dfda6, type: 2}
  m_StaticBatchInfo:
    firstSubMesh: 0
    subMeshCount: 0
  m_StaticBatchRoot: {fileID: 0}
  m_ProbeAnchor: {fileID: 0}
  m_LightProbeVolumeOverride: {fileID: 0}
  m_ScaleInLightmap: 1
  m_ReceiveGI: 1
  m_PreserveUVs: 0
  m_IgnoreNormalsForChartDetection: 0
  m_ImportantGI: 0
  m_StitchLightmapSeams: 1
  m_SelectedEditorRenderState: 3
  m_MinimumChartSize: 4
  m_AutoUVMaxDistance: 0.5
  m_AutoUVMaxAngle: 89
  m_LightmapParameters: {fileID: 0}
  m_SortingLayerID: 0
  m_SortingLayer: 0
  m_SortingOrder: 0
  serializedVersion: 2
  m_Quality: 0
  m_UpdateWhenOffscreen: 0
  m_SkinnedMotionVectors: 1
  m_Mesh: {fileID: -6659003102834268097, guid: 48af7782b90082e4e8f42414b60609cf, type: 3}
  m_Bones:
  - {fileID: 1492147846878669185}
  m_BlendShapeWeights: []
  m_RootBone: {fileID: 1492147846878669185}
  m_AABB:
    m_Center: {x: -1.218575, y: 0.000000029802322, z: 0.000000014901161}
    m_Extent: {x: 1.218575, y: 0.19696361, z: 0.200002}
  m_DirtyAABB: 0
--- !u!1 &9014091495748643670
GameObject:
  m_ObjectHideFlags: 0
  m_CorrespondingSourceObject: {fileID: 0}
  m_PrefabInstance: {fileID: 0}
  m_PrefabAsset: {fileID: 0}
  serializedVersion: 6
  m_Component:
  - component: {fileID: 8526348565172711916}
  m_Layer: 0
  m_Name: Unstable Lightsaber
  m_TagString: Untagged
  m_Icon: {fileID: 0}
  m_NavMeshLayer: 0
  m_StaticEditorFlags: 0
  m_IsActive: 1
--- !u!4 &8526348565172711916
Transform:
  m_ObjectHideFlags: 0
  m_CorrespondingSourceObject: {fileID: 0}
  m_PrefabInstance: {fileID: 0}
  m_PrefabAsset: {fileID: 0}
  m_GameObject: {fileID: 9014091495748643670}
  m_LocalRotation: {x: -0, y: -0, z: -0, w: 1}
  m_LocalPosition: {x: -0.03, y: -5.86, z: 0}
  m_LocalScale: {x: 5.577236, y: 5.5772367, z: 5.5772367}
  m_Children:
  - {fileID: 7525203586857764397}
  - {fileID: 6385332213666075847}
  - {fileID: 2091904583195566476}
  - {fileID: 1492147846878669185}
  m_Father: {fileID: 8808788065364846383}
  m_RootOrder: 0
  m_LocalEulerAnglesHint: {x: 90, y: 0, z: 0}
--- !u!1001 &2617379102241710864
PrefabInstance:
  m_ObjectHideFlags: 0
  serializedVersion: 2
  m_Modification:
    m_TransformParent: {fileID: 0}
    m_Modifications:
    - target: {fileID: 540414570564419717, guid: ffc4c02245db72844a8815bf860565ed,
        type: 3}
      propertyPath: soundInfo.soundNames.Array.data[0]
      value: UF_SW_Galaxy_saber_purple_clash1
      objectReference: {fileID: 0}
    - target: {fileID: 540414570564419717, guid: ffc4c02245db72844a8815bf860565ed,
        type: 3}
      propertyPath: soundInfo.soundNames.Array.data[1]
      value: UF_SW_Galaxy_saber_purple_clash2
      objectReference: {fileID: 0}
    - target: {fileID: 540414570564419717, guid: ffc4c02245db72844a8815bf860565ed,
        type: 3}
      propertyPath: soundInfo.soundNames.Array.data[2]
      value: UF_SW_Galaxy_saber_purple_clash3
      objectReference: {fileID: 0}
    - target: {fileID: 701286949715422441, guid: ffc4c02245db72844a8815bf860565ed,
        type: 3}
      propertyPath: m_LocalPosition.x
      value: 0
      objectReference: {fileID: 0}
    - target: {fileID: 701286949715422441, guid: ffc4c02245db72844a8815bf860565ed,
        type: 3}
      propertyPath: m_LocalPosition.y
      value: 0
      objectReference: {fileID: 0}
    - target: {fileID: 701286949715422441, guid: ffc4c02245db72844a8815bf860565ed,
        type: 3}
      propertyPath: m_LocalPosition.z
      value: 0
      objectReference: {fileID: 0}
    - target: {fileID: 701286949715422441, guid: ffc4c02245db72844a8815bf860565ed,
        type: 3}
      propertyPath: m_LocalRotation.x
      value: 0
      objectReference: {fileID: 0}
    - target: {fileID: 701286949715422441, guid: ffc4c02245db72844a8815bf860565ed,
        type: 3}
      propertyPath: m_LocalRotation.y
      value: 0
      objectReference: {fileID: 0}
    - target: {fileID: 701286949715422441, guid: ffc4c02245db72844a8815bf860565ed,
        type: 3}
      propertyPath: m_LocalRotation.z
      value: 0
      objectReference: {fileID: 0}
    - target: {fileID: 701286949715422441, guid: ffc4c02245db72844a8815bf860565ed,
        type: 3}
      propertyPath: m_LocalRotation.w
      value: 1
      objectReference: {fileID: 0}
    - target: {fileID: 701286949715422441, guid: ffc4c02245db72844a8815bf860565ed,
        type: 3}
      propertyPath: m_RootOrder
      value: 0
      objectReference: {fileID: 0}
    - target: {fileID: 701286949715422441, guid: ffc4c02245db72844a8815bf860565ed,
        type: 3}
      propertyPath: m_LocalEulerAnglesHint.x
      value: 0
      objectReference: {fileID: 0}
    - target: {fileID: 701286949715422441, guid: ffc4c02245db72844a8815bf860565ed,
        type: 3}
      propertyPath: m_LocalEulerAnglesHint.y
      value: 0
      objectReference: {fileID: 0}
    - target: {fileID: 701286949715422441, guid: ffc4c02245db72844a8815bf860565ed,
        type: 3}
      propertyPath: m_LocalEulerAnglesHint.z
      value: 0
      objectReference: {fileID: 0}
    - target: {fileID: 713822132586778985, guid: ffc4c02245db72844a8815bf860565ed,
        type: 3}
      propertyPath: soundInfo.soundNames.Array.data[0]
      value: UF_SW_Galaxy_saber_purple_off1
      objectReference: {fileID: 0}
    - target: {fileID: 1122048844576615052, guid: ffc4c02245db72844a8815bf860565ed,
        type: 3}
      propertyPath: script.objList.Array.data[5].name
      value: rigidBodyInit
      objectReference: {fileID: 0}
    - target: {fileID: 1122048844576615052, guid: ffc4c02245db72844a8815bf860565ed,
        type: 3}
      propertyPath: script.objList.Array.data[5].value
      value: 
      objectReference: {fileID: 4863403530034921456}
    - target: {fileID: 1122048844576615052, guid: ffc4c02245db72844a8815bf860565ed,
        type: 3}
      propertyPath: script.stringList.Array.data[0].value
      value: UF_SW_Galaxy_saber_purple_on1
      objectReference: {fileID: 0}
    - target: {fileID: 1122048844576615052, guid: ffc4c02245db72844a8815bf860565ed,
        type: 3}
      propertyPath: script.stringList.Array.data[1].value
      value: UF_SW_Galaxy_saber_purple_off1
      objectReference: {fileID: 0}
    - target: {fileID: 2194004934678985097, guid: ffc4c02245db72844a8815bf860565ed,
        type: 3}
      propertyPath: soundInfo.soundNames.Array.data[0]
      value: UF_SW_Galaxy_saber_purple_on1
      objectReference: {fileID: 0}
    - target: {fileID: 2401008992638559283, guid: ffc4c02245db72844a8815bf860565ed,
        type: 3}
      propertyPath: m_RootOrder
      value: 8
      objectReference: {fileID: 0}
    - target: {fileID: 3022940485004626836, guid: ffc4c02245db72844a8815bf860565ed,
        type: 3}
      propertyPath: m_IsActive
      value: 1
      objectReference: {fileID: 0}
    - target: {fileID: 3060185515105344836, guid: ffc4c02245db72844a8815bf860565ed,
        type: 3}
      propertyPath: script.stringList.Array.data[1].value
      value: UF_SW_Galaxy_saber_purple_clash1
      objectReference: {fileID: 0}
    - target: {fileID: 3060185515105344836, guid: ffc4c02245db72844a8815bf860565ed,
        type: 3}
      propertyPath: script.stringList.Array.data[2].value
      value: UF_SW_Galaxy_saber_purple_clash2
      objectReference: {fileID: 0}
    - target: {fileID: 3060185515105344836, guid: ffc4c02245db72844a8815bf860565ed,
        type: 3}
      propertyPath: script.stringList.Array.data[3].value
      value: UF_SW_Galaxy_saber_purple_clash3
      objectReference: {fileID: 0}
    - target: {fileID: 3677826427227334309, guid: ffc4c02245db72844a8815bf860565ed,
        type: 3}
      propertyPath: m_RootOrder
      value: 9
      objectReference: {fileID: 0}
    - target: {fileID: 4053682814373968927, guid: ffc4c02245db72844a8815bf860565ed,
        type: 3}
      propertyPath: m_IsActive
      value: 0
      objectReference: {fileID: 0}
    - target: {fileID: 4175430615832594245, guid: ffc4c02245db72844a8815bf860565ed,
        type: 3}
      propertyPath: m_IsActive
      value: 0
      objectReference: {fileID: 0}
    - target: {fileID: 4823789575007560657, guid: ffc4c02245db72844a8815bf860565ed,
        type: 3}
      propertyPath: m_LocalPosition.z
      value: 0.0373
      objectReference: {fileID: 0}
    - target: {fileID: 5554976367689473076, guid: ffc4c02245db72844a8815bf860565ed,
        type: 3}
      propertyPath: m_LocalPosition.z
      value: 0.0373
      objectReference: {fileID: 0}
    - target: {fileID: 5894877237507430848, guid: ffc4c02245db72844a8815bf860565ed,
        type: 3}
      propertyPath: m_IsActive
      value: 0
      objectReference: {fileID: 0}
    - target: {fileID: 6174813366886142662, guid: ffc4c02245db72844a8815bf860565ed,
        type: 3}
      propertyPath: m_audioClip
      value: 
      objectReference: {fileID: 8300000, guid: 74091e6521d22594f86ecb7d5955f3b8, type: 3}
    - target: {fileID: 6410782593825682998, guid: ffc4c02245db72844a8815bf860565ed,
        type: 3}
      propertyPath: m_audioClip
      value: 
      objectReference: {fileID: 8300000, guid: e22948ed27215c34ca8fc02ef1ba345b, type: 3}
    - target: {fileID: 6707958058317090242, guid: ffc4c02245db72844a8815bf860565ed,
        type: 3}
      propertyPath: m_LocalPosition.z
      value: 0.9135
      objectReference: {fileID: 0}
    - target: {fileID: 6938888770240348275, guid: ffc4c02245db72844a8815bf860565ed,
        type: 3}
      propertyPath: MyColor.r
      value: 0.85490197
      objectReference: {fileID: 0}
    - target: {fileID: 6938888770240348275, guid: ffc4c02245db72844a8815bf860565ed,
        type: 3}
      propertyPath: MyColor.g
      value: 0.4627451
      objectReference: {fileID: 0}
    - target: {fileID: 6938888770240348275, guid: ffc4c02245db72844a8815bf860565ed,
        type: 3}
      propertyPath: MyColor.b
      value: 0.99607843
      objectReference: {fileID: 0}
    - target: {fileID: 6938888770240348275, guid: ffc4c02245db72844a8815bf860565ed,
        type: 3}
      propertyPath: MyMaterial
      value: 
      objectReference: {fileID: 2100000, guid: caf02f72b83322748a950021d52924e6, type: 2}
    - target: {fileID: 7434470824053660898, guid: ffc4c02245db72844a8815bf860565ed,
        type: 3}
      propertyPath: refs.Array.data[1]
      value: 
      objectReference: {fileID: 4945337289994913890}
    - target: {fileID: 7434470824053660900, guid: ffc4c02245db72844a8815bf860565ed,
        type: 3}
      propertyPath: showName
      value: UF_SW_Galaxy_UnstableSaber
      objectReference: {fileID: 0}
    - target: {fileID: 7434470824053660900, guid: ffc4c02245db72844a8815bf860565ed,
        type: 3}
      propertyPath: showInfo
      value: UF_SW_Galaxy_UnstableSaber_Desc
      objectReference: {fileID: 0}
    - target: {fileID: 7486840437102341405, guid: ffc4c02245db72844a8815bf860565ed,
        type: 3}
      propertyPath: m_Name
      value: UnstableSaber
      objectReference: {fileID: 0}
    - target: {fileID: 8284754532440993526, guid: ffc4c02245db72844a8815bf860565ed,
        type: 3}
      propertyPath: m_LocalPosition.z
      value: -0.038
      objectReference: {fileID: 0}
    - target: {fileID: 8446027336140875977, guid: ffc4c02245db72844a8815bf860565ed,
        type: 3}
      propertyPath: skillChangeColors.Array.size
      value: 2
      objectReference: {fileID: 0}
    - target: {fileID: 8446027336140875977, guid: ffc4c02245db72844a8815bf860565ed,
        type: 3}
      propertyPath: skillChangeColors.Array.data[0]
      value: 
      objectReference: {fileID: 877804530749410655}
    - target: {fileID: 8446027336140875977, guid: ffc4c02245db72844a8815bf860565ed,
        type: 3}
      propertyPath: skillChangeColors.Array.data[1]
      value: 
      objectReference: {fileID: 3643148880303950443}
    - target: {fileID: 8446027336140875977, guid: ffc4c02245db72844a8815bf860565ed,
        type: 3}
      propertyPath: skillChangeColors.Array.data[2]
      value: 
      objectReference: {fileID: 1976819281472649472}
    - target: {fileID: 8446027336140875977, guid: ffc4c02245db72844a8815bf860565ed,
        type: 3}
      propertyPath: skillChangeColors.Array.data[3]
      value: 
      objectReference: {fileID: 1976819281472649472}
    - target: {fileID: 8817053255112665718, guid: ffc4c02245db72844a8815bf860565ed,
        type: 3}
      propertyPath: soundInfo.soundNames.Array.data[0]
      value: UF_SW_Galaxy_saber_purple_clash1
      objectReference: {fileID: 0}
    - target: {fileID: 8817053255112665718, guid: ffc4c02245db72844a8815bf860565ed,
        type: 3}
      propertyPath: soundInfo.soundNames.Array.data[1]
      value: UF_SW_Galaxy_saber_purple_clash2
      objectReference: {fileID: 0}
    - target: {fileID: 8817053255112665718, guid: ffc4c02245db72844a8815bf860565ed,
        type: 3}
      propertyPath: soundInfo.soundNames.Array.data[2]
      value: UF_SW_Galaxy_saber_purple_clash3
      objectReference: {fileID: 0}
    - target: {fileID: 8851355243745624123, guid: ffc4c02245db72844a8815bf860565ed,
        type: 3}
      propertyPath: m_Color.r
      value: 0.85490197
      objectReference: {fileID: 0}
    - target: {fileID: 8851355243745624123, guid: ffc4c02245db72844a8815bf860565ed,
        type: 3}
      propertyPath: m_Color.g
      value: 0.4627451
      objectReference: {fileID: 0}
    - target: {fileID: 8851355243745624123, guid: ffc4c02245db72844a8815bf860565ed,
        type: 3}
      propertyPath: m_Color.b
      value: 0.99607843
      objectReference: {fileID: 0}
    - target: {fileID: 9163757327999333744, guid: ffc4c02245db72844a8815bf860565ed,
        type: 3}
      propertyPath: m_Materials.Array.data[0]
      value: 
      objectReference: {fileID: 2100000, guid: 8ce11dac2cae5ab49b143692cf21e64e, type: 2}
    m_RemovedComponents: []
  m_SourcePrefab: {fileID: 100100000, guid: ffc4c02245db72844a8815bf860565ed, type: 3}
--- !u!4 &3308374064669806585 stripped
Transform:
  m_CorrespondingSourceObject: {fileID: 701286949715422441, guid: ffc4c02245db72844a8815bf860565ed,
    type: 3}
  m_PrefabInstance: {fileID: 2617379102241710864}
  m_PrefabAsset: {fileID: 0}
--- !u!114 &4863403530034921456 stripped
MonoBehaviour:
  m_CorrespondingSourceObject: {fileID: 7434470824053660896, guid: ffc4c02245db72844a8815bf860565ed,
    type: 3}
  m_PrefabInstance: {fileID: 2617379102241710864}
  m_PrefabAsset: {fileID: 0}
  m_GameObject: {fileID: 0}
  m_Enabled: 1
  m_EditorHideFlags: 0
  m_Script: {fileID: 11500000, guid: 84452c2f7dae7764fa55743f13373500, type: 3}
  m_Name: 
  m_EditorClassIdentifier: 
