%YAML 1.1
%TAG !u! tag:unity3d.com,2011:
--- !u!1 &211245544771180629
GameObject:
  m_ObjectHideFlags: 0
  m_CorrespondingSourceObject: {fileID: 0}
  m_PrefabInstance: {fileID: 0}
  m_PrefabAsset: {fileID: 0}
  serializedVersion: 6
  m_Component:
  - component: {fileID: 4753603898234671399}
  - component: {fileID: 4384920452549181653}
  m_Layer: 15
  m_Name: collider
  m_TagString: Untagged
  m_Icon: {fileID: 0}
  m_NavMeshLayer: 0
  m_StaticEditorFlags: 0
  m_IsActive: 1
--- !u!4 &4753603898234671399
Transform:
  m_ObjectHideFlags: 0
  m_CorrespondingSourceObject: {fileID: 0}
  m_PrefabInstance: {fileID: 0}
  m_PrefabAsset: {fileID: 0}
  m_GameObject: {fileID: 211245544771180629}
  m_LocalRotation: {x: 0, y: 0, z: 0.7071068, w: 0.7071068}
  m_LocalPosition: {x: 0, y: 2.68, z: -0}
  m_LocalScale: {x: 1, y: 1, z: 1}
  m_Children: []
  m_Father: {fileID: 4529633867261171191}
  m_RootOrder: 0
  m_LocalEulerAnglesHint: {x: 0, y: 0, z: 90}
--- !u!136 &4384920452549181653
CapsuleCollider:
  m_ObjectHideFlags: 0
  m_CorrespondingSourceObject: {fileID: 0}
  m_PrefabInstance: {fileID: 0}
  m_PrefabAsset: {fileID: 0}
  m_GameObject: {fileID: 211245544771180629}
  m_Material: {fileID: 0}
  m_IsTrigger: 0
  m_Enabled: 1
  m_Radius: 1.151699
  m_Height: 11.322011
  m_Direction: 1
  m_Center: {x: 0, y: 0, z: 0}
--- !u!1 &590995377981591756
GameObject:
  m_ObjectHideFlags: 0
  m_CorrespondingSourceObject: {fileID: 0}
  m_PrefabInstance: {fileID: 0}
  m_PrefabAsset: {fileID: 0}
  serializedVersion: 6
  m_Component:
  - component: {fileID: 6683378011167473169}
  - component: {fileID: 789506665730014787}
  - component: {fileID: 8915224504662503331}
  m_Layer: 0
  m_Name: pCylinder128
  m_TagString: Untagged
  m_Icon: {fileID: 0}
  m_NavMeshLayer: 0
  m_StaticEditorFlags: 0
  m_IsActive: 1
--- !u!4 &6683378011167473169
Transform:
  m_ObjectHideFlags: 0
  m_CorrespondingSourceObject: {fileID: 0}
  m_PrefabInstance: {fileID: 0}
  m_PrefabAsset: {fileID: 0}
  m_GameObject: {fileID: 590995377981591756}
  m_LocalRotation: {x: 0, y: -0, z: -0, w: 1}
  m_LocalPosition: {x: -0, y: 0, z: 0}
  m_LocalScale: {x: 1, y: 1, z: 1}
  m_Children: []
  m_Father: {fileID: 7231001514328536996}
  m_RootOrder: 4
  m_LocalEulerAnglesHint: {x: 0, y: 0, z: 0}
--- !u!33 &789506665730014787
MeshFilter:
  m_ObjectHideFlags: 0
  m_CorrespondingSourceObject: {fileID: 0}
  m_PrefabInstance: {fileID: 0}
  m_PrefabAsset: {fileID: 0}
  m_GameObject: {fileID: 590995377981591756}
  m_Mesh: {fileID: 4611242897782515429, guid: 000234e674faa7c4f8dbaffc8668eff0, type: 3}
--- !u!23 &8915224504662503331
MeshRenderer:
  m_ObjectHideFlags: 0
  m_CorrespondingSourceObject: {fileID: 0}
  m_PrefabInstance: {fileID: 0}
  m_PrefabAsset: {fileID: 0}
  m_GameObject: {fileID: 590995377981591756}
  m_Enabled: 1
  m_CastShadows: 1
  m_ReceiveShadows: 1
  m_DynamicOccludee: 1
  m_MotionVectors: 1
  m_LightProbeUsage: 1
  m_ReflectionProbeUsage: 1
  m_RayTracingMode: 2
  m_RenderingLayerMask: 1
  m_RendererPriority: 0
  m_Materials:
  - {fileID: 2100000, guid: 9ef4b4e291a008547923d3c73e76d1f7, type: 2}
  m_StaticBatchInfo:
    firstSubMesh: 0
    subMeshCount: 0
  m_StaticBatchRoot: {fileID: 0}
  m_ProbeAnchor: {fileID: 0}
  m_LightProbeVolumeOverride: {fileID: 0}
  m_ScaleInLightmap: 1
  m_ReceiveGI: 1
  m_PreserveUVs: 0
  m_IgnoreNormalsForChartDetection: 0
  m_ImportantGI: 0
  m_StitchLightmapSeams: 1
  m_SelectedEditorRenderState: 3
  m_MinimumChartSize: 4
  m_AutoUVMaxDistance: 0.5
  m_AutoUVMaxAngle: 89
  m_LightmapParameters: {fileID: 0}
  m_SortingLayerID: 0
  m_SortingLayer: 0
  m_SortingOrder: 0
--- !u!1 &2399690276189905759
GameObject:
  m_ObjectHideFlags: 0
  m_CorrespondingSourceObject: {fileID: 0}
  m_PrefabInstance: {fileID: 0}
  m_PrefabAsset: {fileID: 0}
  serializedVersion: 6
  m_Component:
  - component: {fileID: 4529633867261171191}
  - component: {fileID: 2190331773383024492}
  - component: {fileID: 4705802589863262902}
  - component: {fileID: 6145027347946382443}
  m_Layer: 15
  m_Name: customHilt
  m_TagString: Untagged
  m_Icon: {fileID: 0}
  m_NavMeshLayer: 0
  m_StaticEditorFlags: 0
  m_IsActive: 1
--- !u!4 &4529633867261171191
Transform:
  m_ObjectHideFlags: 0
  m_CorrespondingSourceObject: {fileID: 0}
  m_PrefabInstance: {fileID: 0}
  m_PrefabAsset: {fileID: 0}
  m_GameObject: {fileID: 2399690276189905759}
  m_LocalRotation: {x: 0.7071068, y: -0, z: -0, w: 0.7071068}
  m_LocalPosition: {x: 0, y: 0, z: 0}
  m_LocalScale: {x: 0.01592, y: 0.01592, z: 0.01592}
  m_Children:
  - {fileID: 4753603898234671399}
  - {fileID: 8202478294933648587}
  - {fileID: 7231001514328536996}
  m_Father: {fileID: 8990188261080996253}
  m_RootOrder: 14
  m_LocalEulerAnglesHint: {x: 90, y: 0, z: 0}
--- !u!136 &2190331773383024492
CapsuleCollider:
  m_ObjectHideFlags: 0
  m_CorrespondingSourceObject: {fileID: 0}
  m_PrefabInstance: {fileID: 0}
  m_PrefabAsset: {fileID: 0}
  m_GameObject: {fileID: 2399690276189905759}
  m_Material: {fileID: 0}
  m_IsTrigger: 0
  m_Enabled: 1
  m_Radius: 1.3876036
  m_Height: 25.146078
  m_Direction: 1
  m_Center: {x: 0, y: -6.6376514, z: 1.5472595e-14}
--- !u!114 &4705802589863262902
MonoBehaviour:
  m_ObjectHideFlags: 0
  m_CorrespondingSourceObject: {fileID: 0}
  m_PrefabInstance: {fileID: 0}
  m_PrefabAsset: {fileID: 0}
  m_GameObject: {fileID: 2399690276189905759}
  m_Enabled: 1
  m_EditorHideFlags: 0
  m_Script: {fileID: 11500000, guid: 4ed02ad330bebe744b52781c925a08c0, type: 3}
  m_Name: 
  m_EditorClassIdentifier: 
  hitInfo:
    templateName: 
    weightAmongMultiple: 1
--- !u!114 &6145027347946382443
MonoBehaviour:
  m_ObjectHideFlags: 0
  m_CorrespondingSourceObject: {fileID: 0}
  m_PrefabInstance: {fileID: 0}
  m_PrefabAsset: {fileID: 0}
  m_GameObject: {fileID: 2399690276189905759}
  m_Enabled: 1
  m_EditorHideFlags: 0
  m_Script: {fileID: 11500000, guid: df710fb68de61bb4989f3f822c6787de, type: 3}
  m_Name: 
  m_EditorClassIdentifier: 
  materialName: WeaponBlunt
--- !u!1 &6043423200512261963
GameObject:
  m_ObjectHideFlags: 0
  m_CorrespondingSourceObject: {fileID: 0}
  m_PrefabInstance: {fileID: 0}
  m_PrefabAsset: {fileID: 0}
  serializedVersion: 6
  m_Component:
  - component: {fileID: 936523643433866598}
  - component: {fileID: 1563720861424684876}
  - component: {fileID: 6631018594307434692}
  m_Layer: 0
  m_Name: pCylinder65
  m_TagString: Untagged
  m_Icon: {fileID: 0}
  m_NavMeshLayer: 0
  m_StaticEditorFlags: 0
  m_IsActive: 1
--- !u!4 &936523643433866598
Transform:
  m_ObjectHideFlags: 0
  m_CorrespondingSourceObject: {fileID: 0}
  m_PrefabInstance: {fileID: 0}
  m_PrefabAsset: {fileID: 0}
  m_GameObject: {fileID: 6043423200512261963}
  m_LocalRotation: {x: 0, y: -0, z: -0, w: 1}
  m_LocalPosition: {x: -0, y: 0, z: 0}
  m_LocalScale: {x: 1, y: 1, z: 1}
  m_Children: []
  m_Father: {fileID: 7231001514328536996}
  m_RootOrder: 0
  m_LocalEulerAnglesHint: {x: 0, y: 0, z: 0}
--- !u!33 &1563720861424684876
MeshFilter:
  m_ObjectHideFlags: 0
  m_CorrespondingSourceObject: {fileID: 0}
  m_PrefabInstance: {fileID: 0}
  m_PrefabAsset: {fileID: 0}
  m_GameObject: {fileID: 6043423200512261963}
  m_Mesh: {fileID: 3427101436247473314, guid: 000234e674faa7c4f8dbaffc8668eff0, type: 3}
--- !u!23 &6631018594307434692
MeshRenderer:
  m_ObjectHideFlags: 0
  m_CorrespondingSourceObject: {fileID: 0}
  m_PrefabInstance: {fileID: 0}
  m_PrefabAsset: {fileID: 0}
  m_GameObject: {fileID: 6043423200512261963}
  m_Enabled: 1
  m_CastShadows: 1
  m_ReceiveShadows: 1
  m_DynamicOccludee: 1
  m_MotionVectors: 1
  m_LightProbeUsage: 1
  m_ReflectionProbeUsage: 1
  m_RayTracingMode: 2
  m_RenderingLayerMask: 1
  m_RendererPriority: 0
  m_Materials:
  - {fileID: 2100000, guid: fea219c689904fb41b449b27a1d604e4, type: 2}
  m_StaticBatchInfo:
    firstSubMesh: 0
    subMeshCount: 0
  m_StaticBatchRoot: {fileID: 0}
  m_ProbeAnchor: {fileID: 0}
  m_LightProbeVolumeOverride: {fileID: 0}
  m_ScaleInLightmap: 1
  m_ReceiveGI: 1
  m_PreserveUVs: 0
  m_IgnoreNormalsForChartDetection: 0
  m_ImportantGI: 0
  m_StitchLightmapSeams: 1
  m_SelectedEditorRenderState: 3
  m_MinimumChartSize: 4
  m_AutoUVMaxDistance: 0.5
  m_AutoUVMaxAngle: 89
  m_LightmapParameters: {fileID: 0}
  m_SortingLayerID: 0
  m_SortingLayer: 0
  m_SortingOrder: 0
--- !u!1 &6268509040386387347
GameObject:
  m_ObjectHideFlags: 0
  m_CorrespondingSourceObject: {fileID: 0}
  m_PrefabInstance: {fileID: 0}
  m_PrefabAsset: {fileID: 0}
  serializedVersion: 6
  m_Component:
  - component: {fileID: 8202478294933648587}
  - component: {fileID: 5816484430452363508}
  - component: {fileID: 7443545015017226638}
  m_Layer: 15
  m_Name: Cube
  m_TagString: Untagged
  m_Icon: {fileID: 0}
  m_NavMeshLayer: 0
  m_StaticEditorFlags: 0
  m_IsActive: 0
--- !u!4 &8202478294933648587
Transform:
  m_ObjectHideFlags: 0
  m_CorrespondingSourceObject: {fileID: 0}
  m_PrefabInstance: {fileID: 0}
  m_PrefabAsset: {fileID: 0}
  m_GameObject: {fileID: 6268509040386387347}
  m_LocalRotation: {x: -0.7069834, y: 0, z: 0, w: 0.7072302}
  m_LocalPosition: {x: -0, y: 3.65, z: -0.2}
  m_LocalScale: {x: 100, y: 100, z: 100}
  m_Children: []
  m_Father: {fileID: 4529633867261171191}
  m_RootOrder: 1
  m_LocalEulerAnglesHint: {x: -89.98, y: 0, z: 0}
--- !u!33 &5816484430452363508
MeshFilter:
  m_ObjectHideFlags: 0
  m_CorrespondingSourceObject: {fileID: 0}
  m_PrefabInstance: {fileID: 0}
  m_PrefabAsset: {fileID: 0}
  m_GameObject: {fileID: 6268509040386387347}
  m_Mesh: {fileID: -5495902117074765545, guid: 7ce1da7fda9ed7041a2c8402898354eb, type: 3}
--- !u!23 &7443545015017226638
MeshRenderer:
  m_ObjectHideFlags: 0
  m_CorrespondingSourceObject: {fileID: 0}
  m_PrefabInstance: {fileID: 0}
  m_PrefabAsset: {fileID: 0}
  m_GameObject: {fileID: 6268509040386387347}
  m_Enabled: 1
  m_CastShadows: 1
  m_ReceiveShadows: 1
  m_DynamicOccludee: 1
  m_MotionVectors: 1
  m_LightProbeUsage: 1
  m_ReflectionProbeUsage: 1
  m_RayTracingMode: 2
  m_RenderingLayerMask: 1
  m_RendererPriority: 0
  m_Materials:
  - {fileID: 0}
  - {fileID: 0}
  - {fileID: 0}
  - {fileID: 0}
  m_StaticBatchInfo:
    firstSubMesh: 0
    subMeshCount: 0
  m_StaticBatchRoot: {fileID: 0}
  m_ProbeAnchor: {fileID: 0}
  m_LightProbeVolumeOverride: {fileID: 0}
  m_ScaleInLightmap: 1
  m_ReceiveGI: 1
  m_PreserveUVs: 0
  m_IgnoreNormalsForChartDetection: 0
  m_ImportantGI: 0
  m_StitchLightmapSeams: 1
  m_SelectedEditorRenderState: 3
  m_MinimumChartSize: 4
  m_AutoUVMaxDistance: 0.5
  m_AutoUVMaxAngle: 89
  m_LightmapParameters: {fileID: 0}
  m_SortingLayerID: 0
  m_SortingLayer: 0
  m_SortingOrder: 0
--- !u!1 &6858045369393143486
GameObject:
  m_ObjectHideFlags: 0
  m_CorrespondingSourceObject: {fileID: 0}
  m_PrefabInstance: {fileID: 0}
  m_PrefabAsset: {fileID: 0}
  serializedVersion: 6
  m_Component:
  - component: {fileID: 1325223179542255667}
  - component: {fileID: 6517680673319326932}
  - component: {fileID: 9181830008440704288}
  m_Layer: 0
  m_Name: pCylinder127
  m_TagString: Untagged
  m_Icon: {fileID: 0}
  m_NavMeshLayer: 0
  m_StaticEditorFlags: 0
  m_IsActive: 0
--- !u!4 &1325223179542255667
Transform:
  m_ObjectHideFlags: 0
  m_CorrespondingSourceObject: {fileID: 0}
  m_PrefabInstance: {fileID: 0}
  m_PrefabAsset: {fileID: 0}
  m_GameObject: {fileID: 6858045369393143486}
  m_LocalRotation: {x: 0, y: -0, z: -0, w: 1}
  m_LocalPosition: {x: -0, y: 0, z: 0}
  m_LocalScale: {x: 1, y: 1, z: 1}
  m_Children: []
  m_Father: {fileID: 7231001514328536996}
  m_RootOrder: 3
  m_LocalEulerAnglesHint: {x: 0, y: 0, z: 0}
--- !u!33 &6517680673319326932
MeshFilter:
  m_ObjectHideFlags: 0
  m_CorrespondingSourceObject: {fileID: 0}
  m_PrefabInstance: {fileID: 0}
  m_PrefabAsset: {fileID: 0}
  m_GameObject: {fileID: 6858045369393143486}
  m_Mesh: {fileID: 4771619651117929699, guid: 000234e674faa7c4f8dbaffc8668eff0, type: 3}
--- !u!23 &9181830008440704288
MeshRenderer:
  m_ObjectHideFlags: 0
  m_CorrespondingSourceObject: {fileID: 0}
  m_PrefabInstance: {fileID: 0}
  m_PrefabAsset: {fileID: 0}
  m_GameObject: {fileID: 6858045369393143486}
  m_Enabled: 1
  m_CastShadows: 1
  m_ReceiveShadows: 1
  m_DynamicOccludee: 1
  m_MotionVectors: 1
  m_LightProbeUsage: 1
  m_ReflectionProbeUsage: 1
  m_RayTracingMode: 2
  m_RenderingLayerMask: 1
  m_RendererPriority: 0
  m_Materials:
  - {fileID: 5988347114677481029, guid: 000234e674faa7c4f8dbaffc8668eff0, type: 3}
  m_StaticBatchInfo:
    firstSubMesh: 0
    subMeshCount: 0
  m_StaticBatchRoot: {fileID: 0}
  m_ProbeAnchor: {fileID: 0}
  m_LightProbeVolumeOverride: {fileID: 0}
  m_ScaleInLightmap: 1
  m_ReceiveGI: 1
  m_PreserveUVs: 0
  m_IgnoreNormalsForChartDetection: 0
  m_ImportantGI: 0
  m_StitchLightmapSeams: 1
  m_SelectedEditorRenderState: 3
  m_MinimumChartSize: 4
  m_AutoUVMaxDistance: 0.5
  m_AutoUVMaxAngle: 89
  m_LightmapParameters: {fileID: 0}
  m_SortingLayerID: 0
  m_SortingLayer: 0
  m_SortingOrder: 0
--- !u!1 &7644730934115341350
GameObject:
  m_ObjectHideFlags: 0
  m_CorrespondingSourceObject: {fileID: 0}
  m_PrefabInstance: {fileID: 0}
  m_PrefabAsset: {fileID: 0}
  serializedVersion: 6
  m_Component:
  - component: {fileID: 2263703306291376968}
  - component: {fileID: 1030233283073960445}
  - component: {fileID: 2602620967351758723}
  m_Layer: 0
  m_Name: pCylinder73
  m_TagString: Untagged
  m_Icon: {fileID: 0}
  m_NavMeshLayer: 0
  m_StaticEditorFlags: 0
  m_IsActive: 1
--- !u!4 &2263703306291376968
Transform:
  m_ObjectHideFlags: 0
  m_CorrespondingSourceObject: {fileID: 0}
  m_PrefabInstance: {fileID: 0}
  m_PrefabAsset: {fileID: 0}
  m_GameObject: {fileID: 7644730934115341350}
  m_LocalRotation: {x: 0, y: -0, z: -0, w: 1}
  m_LocalPosition: {x: -0, y: 0, z: 0}
  m_LocalScale: {x: 1, y: 1, z: 1}
  m_Children: []
  m_Father: {fileID: 7231001514328536996}
  m_RootOrder: 1
  m_LocalEulerAnglesHint: {x: 0, y: 0, z: 0}
--- !u!33 &1030233283073960445
MeshFilter:
  m_ObjectHideFlags: 0
  m_CorrespondingSourceObject: {fileID: 0}
  m_PrefabInstance: {fileID: 0}
  m_PrefabAsset: {fileID: 0}
  m_GameObject: {fileID: 7644730934115341350}
  m_Mesh: {fileID: -2092426404072045532, guid: 000234e674faa7c4f8dbaffc8668eff0, type: 3}
--- !u!23 &2602620967351758723
MeshRenderer:
  m_ObjectHideFlags: 0
  m_CorrespondingSourceObject: {fileID: 0}
  m_PrefabInstance: {fileID: 0}
  m_PrefabAsset: {fileID: 0}
  m_GameObject: {fileID: 7644730934115341350}
  m_Enabled: 1
  m_CastShadows: 1
  m_ReceiveShadows: 1
  m_DynamicOccludee: 1
  m_MotionVectors: 1
  m_LightProbeUsage: 1
  m_ReflectionProbeUsage: 1
  m_RayTracingMode: 2
  m_RenderingLayerMask: 1
  m_RendererPriority: 0
  m_Materials:
  - {fileID: 2100000, guid: 3a3fd3209692a104b9f225e858eb2d94, type: 2}
  m_StaticBatchInfo:
    firstSubMesh: 0
    subMeshCount: 0
  m_StaticBatchRoot: {fileID: 0}
  m_ProbeAnchor: {fileID: 0}
  m_LightProbeVolumeOverride: {fileID: 0}
  m_ScaleInLightmap: 1
  m_ReceiveGI: 1
  m_PreserveUVs: 0
  m_IgnoreNormalsForChartDetection: 0
  m_ImportantGI: 0
  m_StitchLightmapSeams: 1
  m_SelectedEditorRenderState: 3
  m_MinimumChartSize: 4
  m_AutoUVMaxDistance: 0.5
  m_AutoUVMaxAngle: 89
  m_LightmapParameters: {fileID: 0}
  m_SortingLayerID: 0
  m_SortingLayer: 0
  m_SortingOrder: 0
--- !u!1 &7900213034305358381
GameObject:
  m_ObjectHideFlags: 0
  m_CorrespondingSourceObject: {fileID: 0}
  m_PrefabInstance: {fileID: 0}
  m_PrefabAsset: {fileID: 0}
  serializedVersion: 6
  m_Component:
  - component: {fileID: 1263794775185380131}
  - component: {fileID: 518891022286022027}
  - component: {fileID: 7682324526499511631}
  m_Layer: 0
  m_Name: pCylinder126
  m_TagString: Untagged
  m_Icon: {fileID: 0}
  m_NavMeshLayer: 0
  m_StaticEditorFlags: 0
  m_IsActive: 1
--- !u!4 &1263794775185380131
Transform:
  m_ObjectHideFlags: 0
  m_CorrespondingSourceObject: {fileID: 0}
  m_PrefabInstance: {fileID: 0}
  m_PrefabAsset: {fileID: 0}
  m_GameObject: {fileID: 7900213034305358381}
  m_LocalRotation: {x: 0, y: -0, z: -0, w: 1}
  m_LocalPosition: {x: -0, y: 0, z: 0}
  m_LocalScale: {x: 1, y: 1, z: 1}
  m_Children: []
  m_Father: {fileID: 7231001514328536996}
  m_RootOrder: 2
  m_LocalEulerAnglesHint: {x: 0, y: 0, z: 0}
--- !u!33 &518891022286022027
MeshFilter:
  m_ObjectHideFlags: 0
  m_CorrespondingSourceObject: {fileID: 0}
  m_PrefabInstance: {fileID: 0}
  m_PrefabAsset: {fileID: 0}
  m_GameObject: {fileID: 7900213034305358381}
  m_Mesh: {fileID: 9003529669586175508, guid: 000234e674faa7c4f8dbaffc8668eff0, type: 3}
--- !u!23 &7682324526499511631
MeshRenderer:
  m_ObjectHideFlags: 0
  m_CorrespondingSourceObject: {fileID: 0}
  m_PrefabInstance: {fileID: 0}
  m_PrefabAsset: {fileID: 0}
  m_GameObject: {fileID: 7900213034305358381}
  m_Enabled: 1
  m_CastShadows: 1
  m_ReceiveShadows: 1
  m_DynamicOccludee: 1
  m_MotionVectors: 1
  m_LightProbeUsage: 1
  m_ReflectionProbeUsage: 1
  m_RayTracingMode: 2
  m_RenderingLayerMask: 1
  m_RendererPriority: 0
  m_Materials:
  - {fileID: 2100000, guid: a38911c28ede25247b83fe67a9128965, type: 2}
  m_StaticBatchInfo:
    firstSubMesh: 0
    subMeshCount: 0
  m_StaticBatchRoot: {fileID: 0}
  m_ProbeAnchor: {fileID: 0}
  m_LightProbeVolumeOverride: {fileID: 0}
  m_ScaleInLightmap: 1
  m_ReceiveGI: 1
  m_PreserveUVs: 0
  m_IgnoreNormalsForChartDetection: 0
  m_ImportantGI: 0
  m_StitchLightmapSeams: 1
  m_SelectedEditorRenderState: 3
  m_MinimumChartSize: 4
  m_AutoUVMaxDistance: 0.5
  m_AutoUVMaxAngle: 89
  m_LightmapParameters: {fileID: 0}
  m_SortingLayerID: 0
  m_SortingLayer: 0
  m_SortingOrder: 0
--- !u!1 &8935123078087861026
GameObject:
  m_ObjectHideFlags: 0
  m_CorrespondingSourceObject: {fileID: 0}
  m_PrefabInstance: {fileID: 0}
  m_PrefabAsset: {fileID: 0}
  serializedVersion: 6
  m_Component:
  - component: {fileID: 7231001514328536996}
  m_Layer: 0
  m_Name: model
  m_TagString: Untagged
  m_Icon: {fileID: 0}
  m_NavMeshLayer: 0
  m_StaticEditorFlags: 0
  m_IsActive: 1
--- !u!4 &7231001514328536996
Transform:
  m_ObjectHideFlags: 0
  m_CorrespondingSourceObject: {fileID: 0}
  m_PrefabInstance: {fileID: 0}
  m_PrefabAsset: {fileID: 0}
  m_GameObject: {fileID: 8935123078087861026}
  m_LocalRotation: {x: 0, y: 0.7071068, z: 0, w: 0.7071068}
  m_LocalPosition: {x: -0.01, y: 22.65, z: -0}
  m_LocalScale: {x: 41.43743, y: 41.43743, z: 41.43743}
  m_Children:
  - {fileID: 936523643433866598}
  - {fileID: 2263703306291376968}
  - {fileID: 1263794775185380131}
  - {fileID: 1325223179542255667}
  - {fileID: 6683378011167473169}
  m_Father: {fileID: 4529633867261171191}
  m_RootOrder: 2
  m_LocalEulerAnglesHint: {x: 0, y: 90, z: 0}
--- !u!1001 &263500065817727981
PrefabInstance:
  m_ObjectHideFlags: 0
  serializedVersion: 2
  m_Modification:
    m_TransformParent: {fileID: 0}
    m_Modifications:
    - target: {fileID: 281082045559000656, guid: 87eb642eb3dccb74082497b719dd9ce8,
        type: 3}
      propertyPath: skillChangeColors.Array.size
      value: 4
      objectReference: {fileID: 0}
    - target: {fileID: 281082045559000656, guid: 87eb642eb3dccb74082497b719dd9ce8,
        type: 3}
      propertyPath: skillChangeColors.Array.data[0]
      value: 
      objectReference: {fileID: 6631018594307434692}
    - target: {fileID: 281082045559000656, guid: 87eb642eb3dccb74082497b719dd9ce8,
        type: 3}
      propertyPath: skillChangeColors.Array.data[1]
      value: 
      objectReference: {fileID: 2602620967351758723}
    - target: {fileID: 281082045559000656, guid: 87eb642eb3dccb74082497b719dd9ce8,
        type: 3}
      propertyPath: skillChangeColors.Array.data[2]
      value: 
      objectReference: {fileID: 7682324526499511631}
    - target: {fileID: 281082045559000656, guid: 87eb642eb3dccb74082497b719dd9ce8,
        type: 3}
      propertyPath: skillChangeColors.Array.data[3]
      value: 
      objectReference: {fileID: 8915224504662503331}
    - target: {fileID: 299937869241337967, guid: 87eb642eb3dccb74082497b719dd9ce8,
        type: 3}
      propertyPath: m_LocalPosition.z
      value: -0.069
      objectReference: {fileID: 0}
    - target: {fileID: 955608905528983825, guid: 87eb642eb3dccb74082497b719dd9ce8,
        type: 3}
      propertyPath: m_RootOrder
      value: 12
      objectReference: {fileID: 0}
    - target: {fileID: 1033965753205686803, guid: 87eb642eb3dccb74082497b719dd9ce8,
        type: 3}
      propertyPath: soundInfo.soundNames.Array.data[0]
      value: UF_SW_Galaxy_saber_yellow_clash1
      objectReference: {fileID: 0}
    - target: {fileID: 1033965753205686803, guid: 87eb642eb3dccb74082497b719dd9ce8,
        type: 3}
      propertyPath: soundInfo.soundNames.Array.data[1]
      value: UF_SW_Galaxy_saber_yellow_clash2
      objectReference: {fileID: 0}
    - target: {fileID: 1033965753205686803, guid: 87eb642eb3dccb74082497b719dd9ce8,
        type: 3}
      propertyPath: soundInfo.soundNames.Array.data[2]
      value: UF_SW_Galaxy_saber_yellow_clash3
      objectReference: {fileID: 0}
    - target: {fileID: 1109382265213274999, guid: 87eb642eb3dccb74082497b719dd9ce8,
        type: 3}
      propertyPath: m_audioClip
      value: 
      objectReference: {fileID: 8300000, guid: e6a89c28ff922c74a9850a01369c3705, type: 3}
    - target: {fileID: 1240268944051358596, guid: 87eb642eb3dccb74082497b719dd9ce8,
        type: 3}
      propertyPath: m_Name
      value: CrossguardSaber
      objectReference: {fileID: 0}
    - target: {fileID: 1295981635495000699, guid: 87eb642eb3dccb74082497b719dd9ce8,
        type: 3}
      propertyPath: refs.Array.data[1]
      value: 
      objectReference: {fileID: 4705802589863262902}
    - target: {fileID: 1295981635495000701, guid: 87eb642eb3dccb74082497b719dd9ce8,
        type: 3}
      propertyPath: showName
      value: UF_SW_Galaxy_CrossguardSaber
      objectReference: {fileID: 0}
    - target: {fileID: 1295981635495000701, guid: 87eb642eb3dccb74082497b719dd9ce8,
        type: 3}
      propertyPath: showInfo
      value: UF_SW_Galaxy_CrossguardSaber_Desc
      objectReference: {fileID: 0}
    - target: {fileID: 2493530926959500576, guid: 87eb642eb3dccb74082497b719dd9ce8,
        type: 3}
      propertyPath: soundInfo.soundNames.Array.data[0]
      value: UF_SW_Galaxy_saber_yellow_clash1
      objectReference: {fileID: 0}
    - target: {fileID: 2493530926959500576, guid: 87eb642eb3dccb74082497b719dd9ce8,
        type: 3}
      propertyPath: soundInfo.soundNames.Array.data[1]
      value: UF_SW_Galaxy_saber_yellow_clash2
      objectReference: {fileID: 0}
    - target: {fileID: 2493530926959500576, guid: 87eb642eb3dccb74082497b719dd9ce8,
        type: 3}
      propertyPath: soundInfo.soundNames.Array.data[2]
      value: UF_SW_Galaxy_saber_yellow_clash3
      objectReference: {fileID: 0}
    - target: {fileID: 2782710190803203263, guid: 87eb642eb3dccb74082497b719dd9ce8,
        type: 3}
      propertyPath: m_RootOrder
      value: 13
      objectReference: {fileID: 0}
    - target: {fileID: 3154701089590684507, guid: 87eb642eb3dccb74082497b719dd9ce8,
        type: 3}
      propertyPath: m_LocalPosition.z
      value: 0.877
      objectReference: {fileID: 0}
    - target: {fileID: 3192640654156407638, guid: 87eb642eb3dccb74082497b719dd9ce8,
        type: 3}
      propertyPath: m_LocalPosition.y
      value: 0.896
      objectReference: {fileID: 0}
    - target: {fileID: 4117983922734984035, guid: 87eb642eb3dccb74082497b719dd9ce8,
        type: 3}
      propertyPath: m_LocalPosition.z
      value: -0.0824
      objectReference: {fileID: 0}
    - target: {fileID: 5191321426873617139, guid: 87eb642eb3dccb74082497b719dd9ce8,
        type: 3}
      propertyPath: m_LocalPosition.x
      value: -0
      objectReference: {fileID: 0}
    - target: {fileID: 5191321426873617139, guid: 87eb642eb3dccb74082497b719dd9ce8,
        type: 3}
      propertyPath: m_LocalPosition.z
      value: -0.0603
      objectReference: {fileID: 0}
    - target: {fileID: 6044021890197068052, guid: 87eb642eb3dccb74082497b719dd9ce8,
        type: 3}
      propertyPath: lineEndPoint
      value: -0.22
      objectReference: {fileID: 0}
    - target: {fileID: 6198787529766814555, guid: 87eb642eb3dccb74082497b719dd9ce8,
        type: 3}
      propertyPath: m_LocalPosition.x
      value: -0
      objectReference: {fileID: 0}
    - target: {fileID: 6198787529766814555, guid: 87eb642eb3dccb74082497b719dd9ce8,
        type: 3}
      propertyPath: m_LocalPosition.z
      value: -0.065
      objectReference: {fileID: 0}
    - target: {fileID: 6381137768488025415, guid: 87eb642eb3dccb74082497b719dd9ce8,
        type: 3}
      propertyPath: script.stringList.Array.data[1].value
      value: UF_SW_Galaxy_saber_yellow_clash1
      objectReference: {fileID: 0}
    - target: {fileID: 6381137768488025415, guid: 87eb642eb3dccb74082497b719dd9ce8,
        type: 3}
      propertyPath: script.stringList.Array.data[2].value
      value: UF_SW_Galaxy_saber_yellow_clash2
      objectReference: {fileID: 0}
    - target: {fileID: 6381137768488025415, guid: 87eb642eb3dccb74082497b719dd9ce8,
        type: 3}
      propertyPath: script.stringList.Array.data[3].value
      value: UF_SW_Galaxy_saber_yellow_clash3
      objectReference: {fileID: 0}
    - target: {fileID: 6631017730432394993, guid: 87eb642eb3dccb74082497b719dd9ce8,
        type: 3}
      propertyPath: lineEndPoint
      value: -0.22
      objectReference: {fileID: 0}
    - target: {fileID: 6855446098710605069, guid: 87eb642eb3dccb74082497b719dd9ce8,
        type: 3}
      propertyPath: m_IsActive
      value: 0
      objectReference: {fileID: 0}
    - target: {fileID: 7539694693573730064, guid: 87eb642eb3dccb74082497b719dd9ce8,
        type: 3}
      propertyPath: soundInfo.soundNames.Array.data[0]
      value: UF_SW_Galaxy_saber_yellow_on1
      objectReference: {fileID: 0}
    - target: {fileID: 8737716410198969365, guid: 87eb642eb3dccb74082497b719dd9ce8,
        type: 3}
      propertyPath: script.stringList.Array.data[0].value
      value: UF_SW_Galaxy_saber_yellow_on1
      objectReference: {fileID: 0}
    - target: {fileID: 8737716410198969365, guid: 87eb642eb3dccb74082497b719dd9ce8,
        type: 3}
      propertyPath: script.stringList.Array.data[1].value
      value: UF_SW_Galaxy_saber_yellow_off1
      objectReference: {fileID: 0}
    - target: {fileID: 9167300036181571568, guid: 87eb642eb3dccb74082497b719dd9ce8,
        type: 3}
      propertyPath: soundInfo.soundNames.Array.data[0]
      value: UF_SW_Galaxy_saber_yellow_off1
      objectReference: {fileID: 0}
    - target: {fileID: 9181629621366753904, guid: 87eb642eb3dccb74082497b719dd9ce8,
        type: 3}
      propertyPath: m_LocalPosition.x
      value: 3.24
      objectReference: {fileID: 0}
    - target: {fileID: 9181629621366753904, guid: 87eb642eb3dccb74082497b719dd9ce8,
        type: 3}
      propertyPath: m_LocalPosition.y
      value: 0
      objectReference: {fileID: 0}
    - target: {fileID: 9181629621366753904, guid: 87eb642eb3dccb74082497b719dd9ce8,
        type: 3}
      propertyPath: m_LocalPosition.z
      value: 0.163
      objectReference: {fileID: 0}
    - target: {fileID: 9181629621366753904, guid: 87eb642eb3dccb74082497b719dd9ce8,
        type: 3}
      propertyPath: m_LocalRotation.x
      value: 0
      objectReference: {fileID: 0}
    - target: {fileID: 9181629621366753904, guid: 87eb642eb3dccb74082497b719dd9ce8,
        type: 3}
      propertyPath: m_LocalRotation.y
      value: 0
      objectReference: {fileID: 0}
    - target: {fileID: 9181629621366753904, guid: 87eb642eb3dccb74082497b719dd9ce8,
        type: 3}
      propertyPath: m_LocalRotation.z
      value: 0
      objectReference: {fileID: 0}
    - target: {fileID: 9181629621366753904, guid: 87eb642eb3dccb74082497b719dd9ce8,
        type: 3}
      propertyPath: m_LocalRotation.w
      value: 1
      objectReference: {fileID: 0}
    - target: {fileID: 9181629621366753904, guid: 87eb642eb3dccb74082497b719dd9ce8,
        type: 3}
      propertyPath: m_RootOrder
      value: 0
      objectReference: {fileID: 0}
    - target: {fileID: 9181629621366753904, guid: 87eb642eb3dccb74082497b719dd9ce8,
        type: 3}
      propertyPath: m_LocalEulerAnglesHint.x
      value: 0
      objectReference: {fileID: 0}
    - target: {fileID: 9181629621366753904, guid: 87eb642eb3dccb74082497b719dd9ce8,
        type: 3}
      propertyPath: m_LocalEulerAnglesHint.y
      value: 0
      objectReference: {fileID: 0}
    - target: {fileID: 9181629621366753904, guid: 87eb642eb3dccb74082497b719dd9ce8,
        type: 3}
      propertyPath: m_LocalEulerAnglesHint.z
      value: 0
      objectReference: {fileID: 0}
    m_RemovedComponents: []
  m_SourcePrefab: {fileID: 100100000, guid: 87eb642eb3dccb74082497b719dd9ce8, type: 3}
--- !u!4 &8990188261080996253 stripped
Transform:
  m_CorrespondingSourceObject: {fileID: 9181629621366753904, guid: 87eb642eb3dccb74082497b719dd9ce8,
    type: 3}
  m_PrefabInstance: {fileID: 263500065817727981}
  m_PrefabAsset: {fileID: 0}
