%YAML 1.1
%TAG !u! tag:unity3d.com,2011:
--- !u!1 &705760091051964394
GameObject:
  m_ObjectHideFlags: 0
  m_CorrespondingSourceObject: {fileID: 0}
  m_PrefabInstance: {fileID: 0}
  m_PrefabAsset: {fileID: 0}
  serializedVersion: 6
  m_Component:
  - component: {fileID: 1673303143905816652}
  - component: {fileID: 4316936096066172264}
  - component: {fileID: 6041768282186261067}
  m_Layer: 15
  m_Name: _low_Handle
  m_TagString: Untagged
  m_Icon: {fileID: 0}
  m_NavMeshLayer: 0
  m_StaticEditorFlags: 0
  m_IsActive: 1
--- !u!4 &1673303143905816652
Transform:
  m_ObjectHideFlags: 0
  m_CorrespondingSourceObject: {fileID: 0}
  m_PrefabInstance: {fileID: 0}
  m_PrefabAsset: {fileID: 0}
  m_GameObject: {fileID: 705760091051964394}
  m_LocalRotation: {x: 0, y: -0, z: -0, w: 1}
  m_LocalPosition: {x: -0, y: -0.0000060296056, z: 0.0006895888}
  m_LocalScale: {x: 1, y: 1, z: 1}
  m_Children: []
  m_Father: {fileID: 1767735211792606443}
  m_RootOrder: 0
  m_LocalEulerAnglesHint: {x: 0, y: 0, z: 0}
--- !u!33 &4316936096066172264
MeshFilter:
  m_ObjectHideFlags: 0
  m_CorrespondingSourceObject: {fileID: 0}
  m_PrefabInstance: {fileID: 0}
  m_PrefabAsset: {fileID: 0}
  m_GameObject: {fileID: 705760091051964394}
  m_Mesh: {fileID: -2671755028247712547, guid: 4361070a78081194bb26e9037f1d2658, type: 3}
--- !u!23 &6041768282186261067
MeshRenderer:
  m_ObjectHideFlags: 0
  m_CorrespondingSourceObject: {fileID: 0}
  m_PrefabInstance: {fileID: 0}
  m_PrefabAsset: {fileID: 0}
  m_GameObject: {fileID: 705760091051964394}
  m_Enabled: 1
  m_CastShadows: 1
  m_ReceiveShadows: 1
  m_DynamicOccludee: 1
  m_MotionVectors: 1
  m_LightProbeUsage: 1
  m_ReflectionProbeUsage: 1
  m_RayTracingMode: 2
  m_RenderingLayerMask: 1
  m_RendererPriority: 0
  m_Materials:
  - {fileID: 2100000, guid: 1a019d0c40044be4cba1efc0acbd7cdd, type: 2}
  m_StaticBatchInfo:
    firstSubMesh: 0
    subMeshCount: 0
  m_StaticBatchRoot: {fileID: 0}
  m_ProbeAnchor: {fileID: 0}
  m_LightProbeVolumeOverride: {fileID: 0}
  m_ScaleInLightmap: 1
  m_ReceiveGI: 1
  m_PreserveUVs: 0
  m_IgnoreNormalsForChartDetection: 0
  m_ImportantGI: 0
  m_StitchLightmapSeams: 1
  m_SelectedEditorRenderState: 3
  m_MinimumChartSize: 4
  m_AutoUVMaxDistance: 0.5
  m_AutoUVMaxAngle: 89
  m_LightmapParameters: {fileID: 0}
  m_SortingLayerID: 0
  m_SortingLayer: 0
  m_SortingOrder: 0
--- !u!1 &750252352180030650
GameObject:
  m_ObjectHideFlags: 0
  m_CorrespondingSourceObject: {fileID: 0}
  m_PrefabInstance: {fileID: 0}
  m_PrefabAsset: {fileID: 0}
  serializedVersion: 6
  m_Component:
  - component: {fileID: 3855974377701056928}
  - component: {fileID: 2079364874041065098}
  - component: {fileID: 4138844107037867501}
  m_Layer: 15
  m_Name: _low_Disk
  m_TagString: Untagged
  m_Icon: {fileID: 0}
  m_NavMeshLayer: 0
  m_StaticEditorFlags: 0
  m_IsActive: 1
--- !u!4 &3855974377701056928
Transform:
  m_ObjectHideFlags: 0
  m_CorrespondingSourceObject: {fileID: 0}
  m_PrefabInstance: {fileID: 0}
  m_PrefabAsset: {fileID: 0}
  m_GameObject: {fileID: 750252352180030650}
  m_LocalRotation: {x: 0, y: -0, z: -0, w: 1}
  m_LocalPosition: {x: -0, y: 0, z: 0}
  m_LocalScale: {x: 1, y: 1, z: 1}
  m_Children: []
  m_Father: {fileID: 3766776754786223348}
  m_RootOrder: 0
  m_LocalEulerAnglesHint: {x: 0, y: 0, z: 0}
--- !u!33 &2079364874041065098
MeshFilter:
  m_ObjectHideFlags: 0
  m_CorrespondingSourceObject: {fileID: 0}
  m_PrefabInstance: {fileID: 0}
  m_PrefabAsset: {fileID: 0}
  m_GameObject: {fileID: 750252352180030650}
  m_Mesh: {fileID: -6211942949347886104, guid: 4361070a78081194bb26e9037f1d2658, type: 3}
--- !u!23 &4138844107037867501
MeshRenderer:
  m_ObjectHideFlags: 0
  m_CorrespondingSourceObject: {fileID: 0}
  m_PrefabInstance: {fileID: 0}
  m_PrefabAsset: {fileID: 0}
  m_GameObject: {fileID: 750252352180030650}
  m_Enabled: 1
  m_CastShadows: 1
  m_ReceiveShadows: 1
  m_DynamicOccludee: 1
  m_MotionVectors: 1
  m_LightProbeUsage: 1
  m_ReflectionProbeUsage: 1
  m_RayTracingMode: 2
  m_RenderingLayerMask: 1
  m_RendererPriority: 0
  m_Materials:
  - {fileID: 2100000, guid: c344d99f4cd0b1146aa1ff0106525b12, type: 2}
  m_StaticBatchInfo:
    firstSubMesh: 0
    subMeshCount: 0
  m_StaticBatchRoot: {fileID: 0}
  m_ProbeAnchor: {fileID: 0}
  m_LightProbeVolumeOverride: {fileID: 0}
  m_ScaleInLightmap: 1
  m_ReceiveGI: 1
  m_PreserveUVs: 0
  m_IgnoreNormalsForChartDetection: 0
  m_ImportantGI: 0
  m_StitchLightmapSeams: 1
  m_SelectedEditorRenderState: 3
  m_MinimumChartSize: 4
  m_AutoUVMaxDistance: 0.5
  m_AutoUVMaxAngle: 89
  m_LightmapParameters: {fileID: 0}
  m_SortingLayerID: 0
  m_SortingLayer: 0
  m_SortingOrder: 0
--- !u!1 &1011957513412755286
GameObject:
  m_ObjectHideFlags: 0
  m_CorrespondingSourceObject: {fileID: 0}
  m_PrefabInstance: {fileID: 0}
  m_PrefabAsset: {fileID: 0}
  serializedVersion: 6
  m_Component:
  - component: {fileID: 1767735211792606443}
  m_Layer: 15
  m_Name: Bakegroup_04
  m_TagString: Untagged
  m_Icon: {fileID: 0}
  m_NavMeshLayer: 0
  m_StaticEditorFlags: 0
  m_IsActive: 1
--- !u!4 &1767735211792606443
Transform:
  m_ObjectHideFlags: 0
  m_CorrespondingSourceObject: {fileID: 0}
  m_PrefabInstance: {fileID: 0}
  m_PrefabAsset: {fileID: 0}
  m_GameObject: {fileID: 1011957513412755286}
  m_LocalRotation: {x: 0, y: -0, z: -0, w: 1}
  m_LocalPosition: {x: -0.0000000047683715, y: -0.0000000023841857, z: -0.00068788824}
  m_LocalScale: {x: 1, y: 1, z: 1}
  m_Children:
  - {fileID: 1673303143905816652}
  m_Father: {fileID: 5043520033406377573}
  m_RootOrder: 2
  m_LocalEulerAnglesHint: {x: 0, y: 0, z: 0}
--- !u!1 &1692952586138941906
GameObject:
  m_ObjectHideFlags: 0
  m_CorrespondingSourceObject: {fileID: 0}
  m_PrefabInstance: {fileID: 0}
  m_PrefabAsset: {fileID: 0}
  serializedVersion: 6
  m_Component:
  - component: {fileID: 8767736498598277215}
  - component: {fileID: 1679733183465808862}
  - component: {fileID: 291019034685281566}
  m_Layer: 15
  m_Name: _low_Handle_middle
  m_TagString: Untagged
  m_Icon: {fileID: 0}
  m_NavMeshLayer: 0
  m_StaticEditorFlags: 0
  m_IsActive: 1
--- !u!4 &8767736498598277215
Transform:
  m_ObjectHideFlags: 0
  m_CorrespondingSourceObject: {fileID: 0}
  m_PrefabInstance: {fileID: 0}
  m_PrefabAsset: {fileID: 0}
  m_GameObject: {fileID: 1692952586138941906}
  m_LocalRotation: {x: 0, y: -0, z: -0, w: 1}
  m_LocalPosition: {x: -0, y: 0, z: 0}
  m_LocalScale: {x: 1, y: 1, z: 1}
  m_Children: []
  m_Father: {fileID: 160880028480642672}
  m_RootOrder: 0
  m_LocalEulerAnglesHint: {x: 0, y: 0, z: 0}
--- !u!33 &1679733183465808862
MeshFilter:
  m_ObjectHideFlags: 0
  m_CorrespondingSourceObject: {fileID: 0}
  m_PrefabInstance: {fileID: 0}
  m_PrefabAsset: {fileID: 0}
  m_GameObject: {fileID: 1692952586138941906}
  m_Mesh: {fileID: 2572998257720005462, guid: 4361070a78081194bb26e9037f1d2658, type: 3}
--- !u!23 &291019034685281566
MeshRenderer:
  m_ObjectHideFlags: 0
  m_CorrespondingSourceObject: {fileID: 0}
  m_PrefabInstance: {fileID: 0}
  m_PrefabAsset: {fileID: 0}
  m_GameObject: {fileID: 1692952586138941906}
  m_Enabled: 1
  m_CastShadows: 1
  m_ReceiveShadows: 1
  m_DynamicOccludee: 1
  m_MotionVectors: 1
  m_LightProbeUsage: 1
  m_ReflectionProbeUsage: 1
  m_RayTracingMode: 2
  m_RenderingLayerMask: 1
  m_RendererPriority: 0
  m_Materials:
  - {fileID: 2100000, guid: 1a019d0c40044be4cba1efc0acbd7cdd, type: 2}
  m_StaticBatchInfo:
    firstSubMesh: 0
    subMeshCount: 0
  m_StaticBatchRoot: {fileID: 0}
  m_ProbeAnchor: {fileID: 0}
  m_LightProbeVolumeOverride: {fileID: 0}
  m_ScaleInLightmap: 1
  m_ReceiveGI: 1
  m_PreserveUVs: 0
  m_IgnoreNormalsForChartDetection: 0
  m_ImportantGI: 0
  m_StitchLightmapSeams: 1
  m_SelectedEditorRenderState: 3
  m_MinimumChartSize: 4
  m_AutoUVMaxDistance: 0.5
  m_AutoUVMaxAngle: 89
  m_LightmapParameters: {fileID: 0}
  m_SortingLayerID: 0
  m_SortingLayer: 0
  m_SortingOrder: 0
--- !u!1 &5671718664147076319
GameObject:
  m_ObjectHideFlags: 0
  m_CorrespondingSourceObject: {fileID: 0}
  m_PrefabInstance: {fileID: 0}
  m_PrefabAsset: {fileID: 0}
  serializedVersion: 6
  m_Component:
  - component: {fileID: 5043520033406377573}
  m_Layer: 15
  m_Name: roundhilt
  m_TagString: Untagged
  m_Icon: {fileID: 0}
  m_NavMeshLayer: 0
  m_StaticEditorFlags: 0
  m_IsActive: 1
--- !u!4 &5043520033406377573
Transform:
  m_ObjectHideFlags: 0
  m_CorrespondingSourceObject: {fileID: 0}
  m_PrefabInstance: {fileID: 0}
  m_PrefabAsset: {fileID: 0}
  m_GameObject: {fileID: 5671718664147076319}
  m_LocalRotation: {x: 0, y: 0, z: -0.7071068, w: 0.7071068}
  m_LocalPosition: {x: 0, y: -7.11, z: -0.17}
  m_LocalScale: {x: 104.98643, y: 104.98641, z: 104.98645}
  m_Children:
  - {fileID: 3766776754786223348}
  - {fileID: 160880028480642672}
  - {fileID: 1767735211792606443}
  m_Father: {fileID: 8598716467011035216}
  m_RootOrder: 0
  m_LocalEulerAnglesHint: {x: 0, y: 0, z: -90.00001}
--- !u!1 &6263329202971549221
GameObject:
  m_ObjectHideFlags: 0
  m_CorrespondingSourceObject: {fileID: 0}
  m_PrefabInstance: {fileID: 0}
  m_PrefabAsset: {fileID: 0}
  serializedVersion: 6
  m_Component:
  - component: {fileID: 8598716467011035216}
  - component: {fileID: 1484153223017952254}
  - component: {fileID: 7170107634212935399}
  - component: {fileID: 6410172574860815005}
  m_Layer: 15
  m_Name: customHilt
  m_TagString: Untagged
  m_Icon: {fileID: 0}
  m_NavMeshLayer: 0
  m_StaticEditorFlags: 0
  m_IsActive: 1
--- !u!4 &8598716467011035216
Transform:
  m_ObjectHideFlags: 0
  m_CorrespondingSourceObject: {fileID: 0}
  m_PrefabInstance: {fileID: 0}
  m_PrefabAsset: {fileID: 0}
  m_GameObject: {fileID: 6263329202971549221}
  m_LocalRotation: {x: 0.7071068, y: 0, z: 0, w: 0.7071068}
  m_LocalPosition: {x: 0, y: -0.003, z: 0.11319995}
  m_LocalScale: {x: 0.015921239, y: 0.015921239, z: 0.015921239}
  m_Children:
  - {fileID: 5043520033406377573}
  m_Father: {fileID: 4391808419713743584}
  m_RootOrder: 10
  m_LocalEulerAnglesHint: {x: 90, y: 0, z: 0}
--- !u!136 &1484153223017952254
CapsuleCollider:
  m_ObjectHideFlags: 0
  m_CorrespondingSourceObject: {fileID: 0}
  m_PrefabInstance: {fileID: 0}
  m_PrefabAsset: {fileID: 0}
  m_GameObject: {fileID: 6263329202971549221}
  m_Material: {fileID: 0}
  m_IsTrigger: 0
  m_Enabled: 1
  m_Radius: 1.2650081
  m_Height: 25.092537
  m_Direction: 1
  m_Center: {x: 0, y: -7.119427, z: -0.12259557}
--- !u!114 &7170107634212935399
MonoBehaviour:
  m_ObjectHideFlags: 0
  m_CorrespondingSourceObject: {fileID: 0}
  m_PrefabInstance: {fileID: 0}
  m_PrefabAsset: {fileID: 0}
  m_GameObject: {fileID: 6263329202971549221}
  m_Enabled: 1
  m_EditorHideFlags: 0
  m_Script: {fileID: 11500000, guid: 4ed02ad330bebe744b52781c925a08c0, type: 3}
  m_Name: 
  m_EditorClassIdentifier: 
  hitInfo:
    templateName: Metal
    weightAmongMultiple: 1
--- !u!114 &6410172574860815005
MonoBehaviour:
  m_ObjectHideFlags: 0
  m_CorrespondingSourceObject: {fileID: 0}
  m_PrefabInstance: {fileID: 0}
  m_PrefabAsset: {fileID: 0}
  m_GameObject: {fileID: 6263329202971549221}
  m_Enabled: 1
  m_EditorHideFlags: 0
  m_Script: {fileID: 11500000, guid: df710fb68de61bb4989f3f822c6787de, type: 3}
  m_Name: 
  m_EditorClassIdentifier: 
  materialName: WeaponBlunt
--- !u!1 &7981459436275251701
GameObject:
  m_ObjectHideFlags: 0
  m_CorrespondingSourceObject: {fileID: 0}
  m_PrefabInstance: {fileID: 0}
  m_PrefabAsset: {fileID: 0}
  serializedVersion: 6
  m_Component:
  - component: {fileID: 160880028480642672}
  m_Layer: 15
  m_Name: Bakegroup_03
  m_TagString: Untagged
  m_Icon: {fileID: 0}
  m_NavMeshLayer: 0
  m_StaticEditorFlags: 0
  m_IsActive: 1
--- !u!4 &160880028480642672
Transform:
  m_ObjectHideFlags: 0
  m_CorrespondingSourceObject: {fileID: 0}
  m_PrefabInstance: {fileID: 0}
  m_PrefabAsset: {fileID: 0}
  m_GameObject: {fileID: 7981459436275251701}
  m_LocalRotation: {x: 0, y: -0, z: -0, w: 1}
  m_LocalPosition: {x: -0, y: 0, z: 0}
  m_LocalScale: {x: 1, y: 1, z: 1}
  m_Children:
  - {fileID: 8767736498598277215}
  m_Father: {fileID: 5043520033406377573}
  m_RootOrder: 1
  m_LocalEulerAnglesHint: {x: 0, y: 0, z: 0}
--- !u!1 &8797723492157722830
GameObject:
  m_ObjectHideFlags: 0
  m_CorrespondingSourceObject: {fileID: 0}
  m_PrefabInstance: {fileID: 0}
  m_PrefabAsset: {fileID: 0}
  serializedVersion: 6
  m_Component:
  - component: {fileID: 3766776754786223348}
  m_Layer: 15
  m_Name: Bakegroup_01
  m_TagString: Untagged
  m_Icon: {fileID: 0}
  m_NavMeshLayer: 0
  m_StaticEditorFlags: 0
  m_IsActive: 1
--- !u!4 &3766776754786223348
Transform:
  m_ObjectHideFlags: 0
  m_CorrespondingSourceObject: {fileID: 0}
  m_PrefabInstance: {fileID: 0}
  m_PrefabAsset: {fileID: 0}
  m_GameObject: {fileID: 8797723492157722830}
  m_LocalRotation: {x: 0, y: -0, z: -0, w: 1}
  m_LocalPosition: {x: -0.000000019073486, y: 0, z: 0}
  m_LocalScale: {x: 1, y: 1, z: 1}
  m_Children:
  - {fileID: 3855974377701056928}
  m_Father: {fileID: 5043520033406377573}
  m_RootOrder: 0
  m_LocalEulerAnglesHint: {x: 0, y: 0, z: 0}
--- !u!1001 &2187557672279489883
PrefabInstance:
  m_ObjectHideFlags: 0
  serializedVersion: 2
  m_Modification:
    m_TransformParent: {fileID: 0}
    m_Modifications:
    - target: {fileID: 127431616288336698, guid: b3389300d2474644aa02acbb9eba9e3c,
        type: 3}
      propertyPath: lineEndPoint
      value: -0.07
      objectReference: {fileID: 0}
    - target: {fileID: 127431616288336698, guid: b3389300d2474644aa02acbb9eba9e3c,
        type: 3}
      propertyPath: lineStartPoint
      value: 0.07
      objectReference: {fileID: 0}
    - target: {fileID: 207674625835131078, guid: b3389300d2474644aa02acbb9eba9e3c,
        type: 3}
      propertyPath: m_IsActive
      value: 0
      objectReference: {fileID: 0}
    - target: {fileID: 429147279903891708, guid: b3389300d2474644aa02acbb9eba9e3c,
        type: 3}
      propertyPath: soundInfo.soundNames.Array.data[0]
      value: UF_SW_Galaxy_saber_red_clash1
      objectReference: {fileID: 0}
    - target: {fileID: 429147279903891708, guid: b3389300d2474644aa02acbb9eba9e3c,
        type: 3}
      propertyPath: soundInfo.soundNames.Array.data[1]
      value: UF_SW_Galaxy_saber_red_clash2
      objectReference: {fileID: 0}
    - target: {fileID: 429147279903891708, guid: b3389300d2474644aa02acbb9eba9e3c,
        type: 3}
      propertyPath: soundInfo.soundNames.Array.data[2]
      value: UF_SW_Galaxy_saber_red_clash3
      objectReference: {fileID: 0}
    - target: {fileID: 539121898311199165, guid: b3389300d2474644aa02acbb9eba9e3c,
        type: 3}
      propertyPath: MyMaterial
      value: 
      objectReference: {fileID: 2100000, guid: eb27da273720cf74fb991d93e2afb45a, type: 2}
    - target: {fileID: 672951238147290854, guid: b3389300d2474644aa02acbb9eba9e3c,
        type: 3}
      propertyPath: m_Color.g
      value: 0.011764706
      objectReference: {fileID: 0}
    - target: {fileID: 1018390748860110047, guid: b3389300d2474644aa02acbb9eba9e3c,
        type: 3}
      propertyPath: lineEndPoint
      value: -0.07
      objectReference: {fileID: 0}
    - target: {fileID: 1018390748860110047, guid: b3389300d2474644aa02acbb9eba9e3c,
        type: 3}
      propertyPath: lineStartPoint
      value: 0.07
      objectReference: {fileID: 0}
    - target: {fileID: 1570039151759542072, guid: b3389300d2474644aa02acbb9eba9e3c,
        type: 3}
      propertyPath: m_LocalPosition.z
      value: 0.004
      objectReference: {fileID: 0}
    - target: {fileID: 2050619217123751685, guid: b3389300d2474644aa02acbb9eba9e3c,
        type: 3}
      propertyPath: m_Materials.Array.data[0]
      value: 
      objectReference: {fileID: 2100000, guid: b050a8f9c0eb6d74797637e50be9132b, type: 2}
    - target: {fileID: 2497547680326961083, guid: b3389300d2474644aa02acbb9eba9e3c,
        type: 3}
      propertyPath: m_LocalPosition.x
      value: 0
      objectReference: {fileID: 0}
    - target: {fileID: 2497547680326961083, guid: b3389300d2474644aa02acbb9eba9e3c,
        type: 3}
      propertyPath: m_LocalPosition.y
      value: 0
      objectReference: {fileID: 0}
    - target: {fileID: 2497547680326961083, guid: b3389300d2474644aa02acbb9eba9e3c,
        type: 3}
      propertyPath: m_LocalPosition.z
      value: 2.545
      objectReference: {fileID: 0}
    - target: {fileID: 2497547680326961083, guid: b3389300d2474644aa02acbb9eba9e3c,
        type: 3}
      propertyPath: m_LocalRotation.x
      value: 0
      objectReference: {fileID: 0}
    - target: {fileID: 2497547680326961083, guid: b3389300d2474644aa02acbb9eba9e3c,
        type: 3}
      propertyPath: m_LocalRotation.y
      value: 0
      objectReference: {fileID: 0}
    - target: {fileID: 2497547680326961083, guid: b3389300d2474644aa02acbb9eba9e3c,
        type: 3}
      propertyPath: m_LocalRotation.z
      value: 0
      objectReference: {fileID: 0}
    - target: {fileID: 2497547680326961083, guid: b3389300d2474644aa02acbb9eba9e3c,
        type: 3}
      propertyPath: m_LocalRotation.w
      value: 1
      objectReference: {fileID: 0}
    - target: {fileID: 2497547680326961083, guid: b3389300d2474644aa02acbb9eba9e3c,
        type: 3}
      propertyPath: m_RootOrder
      value: 0
      objectReference: {fileID: 0}
    - target: {fileID: 2497547680326961083, guid: b3389300d2474644aa02acbb9eba9e3c,
        type: 3}
      propertyPath: m_LocalEulerAnglesHint.x
      value: 0
      objectReference: {fileID: 0}
    - target: {fileID: 2497547680326961083, guid: b3389300d2474644aa02acbb9eba9e3c,
        type: 3}
      propertyPath: m_LocalEulerAnglesHint.y
      value: 0
      objectReference: {fileID: 0}
    - target: {fileID: 2497547680326961083, guid: b3389300d2474644aa02acbb9eba9e3c,
        type: 3}
      propertyPath: m_LocalEulerAnglesHint.z
      value: 0
      objectReference: {fileID: 0}
    - target: {fileID: 2520445484741392955, guid: b3389300d2474644aa02acbb9eba9e3c,
        type: 3}
      propertyPath: soundInfo.soundNames.Array.data[0]
      value: UF_SW_Galaxy_saber_red_off1
      objectReference: {fileID: 0}
    - target: {fileID: 2630167984063807966, guid: b3389300d2474644aa02acbb9eba9e3c,
        type: 3}
      propertyPath: script.stringList.Array.data[0].value
      value: UF_SW_Galaxy_saber_red_on1
      objectReference: {fileID: 0}
    - target: {fileID: 2630167984063807966, guid: b3389300d2474644aa02acbb9eba9e3c,
        type: 3}
      propertyPath: script.stringList.Array.data[1].value
      value: UF_SW_Galaxy_saber_red_off1
      objectReference: {fileID: 0}
    - target: {fileID: 3846286833162146523, guid: b3389300d2474644aa02acbb9eba9e3c,
        type: 3}
      propertyPath: soundInfo.soundNames.Array.data[0]
      value: UF_SW_Galaxy_saber_red_on1
      objectReference: {fileID: 0}
    - target: {fileID: 3911238012109938718, guid: b3389300d2474644aa02acbb9eba9e3c,
        type: 3}
      propertyPath: soundInfo.soundNames.Array.data[0]
      value: UF_SW_Galaxy_saber_red_clash1
      objectReference: {fileID: 0}
    - target: {fileID: 3911238012109938718, guid: b3389300d2474644aa02acbb9eba9e3c,
        type: 3}
      propertyPath: soundInfo.soundNames.Array.data[1]
      value: UF_SW_Galaxy_saber_red_clash2
      objectReference: {fileID: 0}
    - target: {fileID: 3911238012109938718, guid: b3389300d2474644aa02acbb9eba9e3c,
        type: 3}
      propertyPath: soundInfo.soundNames.Array.data[2]
      value: UF_SW_Galaxy_saber_red_clash3
      objectReference: {fileID: 0}
    - target: {fileID: 5429520567827262241, guid: b3389300d2474644aa02acbb9eba9e3c,
        type: 3}
      propertyPath: MyMaterial
      value: 
      objectReference: {fileID: 2100000, guid: eb27da273720cf74fb991d93e2afb45a, type: 2}
    - target: {fileID: 5494076471500847024, guid: b3389300d2474644aa02acbb9eba9e3c,
        type: 3}
      propertyPath: refs.Array.size
      value: 2
      objectReference: {fileID: 0}
    - target: {fileID: 5494076471500847024, guid: b3389300d2474644aa02acbb9eba9e3c,
        type: 3}
      propertyPath: refs.Array.data[1]
      value: 
      objectReference: {fileID: 7170107634212935399}
    - target: {fileID: 5494076471500847024, guid: b3389300d2474644aa02acbb9eba9e3c,
        type: 3}
      propertyPath: refs.Array.data[2]
      value: 
      objectReference: {fileID: 0}
    - target: {fileID: 5494076471500847030, guid: b3389300d2474644aa02acbb9eba9e3c,
        type: 3}
      propertyPath: showName
      value: UF_SW_Galaxy_SithSaber3
      objectReference: {fileID: 0}
    - target: {fileID: 5494076471500847030, guid: b3389300d2474644aa02acbb9eba9e3c,
        type: 3}
      propertyPath: showInfo
      value: UF_SW_Galaxy_SithSaber3_Desc
      objectReference: {fileID: 0}
    - target: {fileID: 5494076472957419678, guid: b3389300d2474644aa02acbb9eba9e3c,
        type: 3}
      propertyPath: m_LocalPosition.z
      value: 0.142
      objectReference: {fileID: 0}
    - target: {fileID: 5545324325396612687, guid: b3389300d2474644aa02acbb9eba9e3c,
        type: 3}
      propertyPath: m_Name
      value: SithSaber3
      objectReference: {fileID: 0}
    - target: {fileID: 5660007806419027314, guid: b3389300d2474644aa02acbb9eba9e3c,
        type: 3}
      propertyPath: m_RootOrder
      value: 11
      objectReference: {fileID: 0}
    - target: {fileID: 5891902453231987561, guid: b3389300d2474644aa02acbb9eba9e3c,
        type: 3}
      propertyPath: m_Color.g
      value: 0.011764706
      objectReference: {fileID: 0}
    - target: {fileID: 6070392834497879586, guid: b3389300d2474644aa02acbb9eba9e3c,
        type: 3}
      propertyPath: m_Materials.Array.data[0]
      value: 
      objectReference: {fileID: 2100000, guid: b050a8f9c0eb6d74797637e50be9132b, type: 2}
    - target: {fileID: 6479332929182434724, guid: b3389300d2474644aa02acbb9eba9e3c,
        type: 3}
      propertyPath: m_LocalPosition.z
      value: -0.001
      objectReference: {fileID: 0}
    - target: {fileID: 6765484432361207527, guid: b3389300d2474644aa02acbb9eba9e3c,
        type: 3}
      propertyPath: m_LocalPosition.z
      value: -0.17
      objectReference: {fileID: 0}
    - target: {fileID: 6783612629881488283, guid: b3389300d2474644aa02acbb9eba9e3c,
        type: 3}
      propertyPath: skillChangeColors.Array.size
      value: 1
      objectReference: {fileID: 0}
    - target: {fileID: 6783612629881488283, guid: b3389300d2474644aa02acbb9eba9e3c,
        type: 3}
      propertyPath: skillChangeColors.Array.data[0]
      value: 
      objectReference: {fileID: 4138844107037867501}
    - target: {fileID: 6783612629881488283, guid: b3389300d2474644aa02acbb9eba9e3c,
        type: 3}
      propertyPath: skillChangeColors.Array.data[1]
      value: 
      objectReference: {fileID: 0}
    - target: {fileID: 7270117737297028776, guid: b3389300d2474644aa02acbb9eba9e3c,
        type: 3}
      propertyPath: m_LocalPosition.z
      value: 0.17
      objectReference: {fileID: 0}
    - target: {fileID: 8181959552842788509, guid: b3389300d2474644aa02acbb9eba9e3c,
        type: 3}
      propertyPath: m_LocalPosition.y
      value: 0.24
      objectReference: {fileID: 0}
    - target: {fileID: 8311453223666883933, guid: b3389300d2474644aa02acbb9eba9e3c,
        type: 3}
      propertyPath: m_LocalPosition.y
      value: 0.19
      objectReference: {fileID: 0}
    - target: {fileID: 8311453223666883933, guid: b3389300d2474644aa02acbb9eba9e3c,
        type: 3}
      propertyPath: m_LocalPosition.z
      value: -0
      objectReference: {fileID: 0}
    - target: {fileID: 8629933757961529044, guid: b3389300d2474644aa02acbb9eba9e3c,
        type: 3}
      propertyPath: script.stringList.Array.data[1].value
      value: UF_SW_Galaxy_saber_red_clash1
      objectReference: {fileID: 0}
    - target: {fileID: 8629933757961529044, guid: b3389300d2474644aa02acbb9eba9e3c,
        type: 3}
      propertyPath: script.stringList.Array.data[2].value
      value: UF_SW_Galaxy_saber_red_clash2
      objectReference: {fileID: 0}
    - target: {fileID: 8629933757961529044, guid: b3389300d2474644aa02acbb9eba9e3c,
        type: 3}
      propertyPath: script.stringList.Array.data[3].value
      value: UF_SW_Galaxy_saber_red_clash3
      objectReference: {fileID: 0}
    - target: {fileID: 8889135017592584564, guid: b3389300d2474644aa02acbb9eba9e3c,
        type: 3}
      propertyPath: m_LocalPosition.z
      value: 0.110799946
      objectReference: {fileID: 0}
    - target: {fileID: 8889135017592584564, guid: b3389300d2474644aa02acbb9eba9e3c,
        type: 3}
      propertyPath: m_RootOrder
      value: 12
      objectReference: {fileID: 0}
    - target: {fileID: 8990908059719752636, guid: b3389300d2474644aa02acbb9eba9e3c,
        type: 3}
      propertyPath: m_audioClip
      value: 
      objectReference: {fileID: 8300000, guid: 04057eb27fd52434696cbe458d8b39ea, type: 3}
    m_RemovedComponents: []
  m_SourcePrefab: {fileID: 100100000, guid: b3389300d2474644aa02acbb9eba9e3c, type: 3}
--- !u!4 &4391808419713743584 stripped
Transform:
  m_CorrespondingSourceObject: {fileID: 2497547680326961083, guid: b3389300d2474644aa02acbb9eba9e3c,
    type: 3}
  m_PrefabInstance: {fileID: 2187557672279489883}
  m_PrefabAsset: {fileID: 0}
