%YAML 1.1
%TAG !u! tag:unity3d.com,2011:
--- !u!1 &211245544771180629
GameObject:
  m_ObjectHideFlags: 0
  m_CorrespondingSourceObject: {fileID: 0}
  m_PrefabInstance: {fileID: 0}
  m_PrefabAsset: {fileID: 0}
  serializedVersion: 6
  m_Component:
  - component: {fileID: 4753603898234671399}
  - component: {fileID: 4384920452549181653}
  m_Layer: 15
  m_Name: collider
  m_TagString: Untagged
  m_Icon: {fileID: 0}
  m_NavMeshLayer: 0
  m_StaticEditorFlags: 0
  m_IsActive: 1
--- !u!4 &4753603898234671399
Transform:
  m_ObjectHideFlags: 0
  m_CorrespondingSourceObject: {fileID: 0}
  m_PrefabInstance: {fileID: 0}
  m_PrefabAsset: {fileID: 0}
  m_GameObject: {fileID: 211245544771180629}
  m_LocalRotation: {x: 0, y: 0, z: 0.7071068, w: 0.7071068}
  m_LocalPosition: {x: 0, y: 2.68, z: -0}
  m_LocalScale: {x: 1, y: 1, z: 1}
  m_Children: []
  m_Father: {fileID: 4529633867261171191}
  m_RootOrder: 1
  m_LocalEulerAnglesHint: {x: 0, y: 0, z: 90}
--- !u!136 &4384920452549181653
CapsuleCollider:
  m_ObjectHideFlags: 0
  m_CorrespondingSourceObject: {fileID: 0}
  m_PrefabInstance: {fileID: 0}
  m_PrefabAsset: {fileID: 0}
  m_GameObject: {fileID: 211245544771180629}
  m_Material: {fileID: 0}
  m_IsTrigger: 0
  m_Enabled: 1
  m_Radius: 0.71653616
  m_Height: 7.7014995
  m_Direction: 1
  m_Center: {x: 0.08695199, y: -0.122511044, z: -0.00000003957439}
--- !u!1 &2399690276189905759
GameObject:
  m_ObjectHideFlags: 0
  m_CorrespondingSourceObject: {fileID: 0}
  m_PrefabInstance: {fileID: 0}
  m_PrefabAsset: {fileID: 0}
  serializedVersion: 6
  m_Component:
  - component: {fileID: 4529633867261171191}
  - component: {fileID: 2190331773383024492}
  - component: {fileID: 4705802589863262902}
  - component: {fileID: 6145027347946382443}
  m_Layer: 15
  m_Name: customHilt
  m_TagString: Untagged
  m_Icon: {fileID: 0}
  m_NavMeshLayer: 0
  m_StaticEditorFlags: 0
  m_IsActive: 1
--- !u!4 &4529633867261171191
Transform:
  m_ObjectHideFlags: 0
  m_CorrespondingSourceObject: {fileID: 0}
  m_PrefabInstance: {fileID: 0}
  m_PrefabAsset: {fileID: 0}
  m_GameObject: {fileID: 2399690276189905759}
  m_LocalRotation: {x: 0.7071068, y: -0, z: -0, w: 0.7071068}
  m_LocalPosition: {x: 0, y: 0, z: 0}
  m_LocalScale: {x: 0.01592, y: 0.01592, z: 0.01592}
  m_Children:
  - {fileID: 2693200922614639789}
  - {fileID: 4753603898234671399}
  m_Father: {fileID: 8990188261080996253}
  m_RootOrder: 12
  m_LocalEulerAnglesHint: {x: 90, y: 0, z: 0}
--- !u!136 &2190331773383024492
CapsuleCollider:
  m_ObjectHideFlags: 0
  m_CorrespondingSourceObject: {fileID: 0}
  m_PrefabInstance: {fileID: 0}
  m_PrefabAsset: {fileID: 0}
  m_GameObject: {fileID: 2399690276189905759}
  m_Material: {fileID: 0}
  m_IsTrigger: 0
  m_Enabled: 1
  m_Radius: 1.3876036
  m_Height: 16.786016
  m_Direction: 1
  m_Center: {x: 0, y: -3.623268, z: 3.3282296e-15}
--- !u!114 &4705802589863262902
MonoBehaviour:
  m_ObjectHideFlags: 0
  m_CorrespondingSourceObject: {fileID: 0}
  m_PrefabInstance: {fileID: 0}
  m_PrefabAsset: {fileID: 0}
  m_GameObject: {fileID: 2399690276189905759}
  m_Enabled: 1
  m_EditorHideFlags: 0
  m_Script: {fileID: 11500000, guid: 4ed02ad330bebe744b52781c925a08c0, type: 3}
  m_Name: 
  m_EditorClassIdentifier: 
  hitInfo:
    templateName: 
    weightAmongMultiple: 1
--- !u!114 &6145027347946382443
MonoBehaviour:
  m_ObjectHideFlags: 0
  m_CorrespondingSourceObject: {fileID: 0}
  m_PrefabInstance: {fileID: 0}
  m_PrefabAsset: {fileID: 0}
  m_GameObject: {fileID: 2399690276189905759}
  m_Enabled: 1
  m_EditorHideFlags: 0
  m_Script: {fileID: 11500000, guid: df710fb68de61bb4989f3f822c6787de, type: 3}
  m_Name: 
  m_EditorClassIdentifier: 
  materialName: WeaponBlunt
--- !u!1001 &263500065817727981
PrefabInstance:
  m_ObjectHideFlags: 0
  serializedVersion: 2
  m_Modification:
    m_TransformParent: {fileID: 0}
    m_Modifications:
    - target: {fileID: 9417456609884972, guid: 87eb642eb3dccb74082497b719dd9ce8, type: 3}
      propertyPath: m_LocalScale.y
      value: 0.1932918
      objectReference: {fileID: 0}
    - target: {fileID: 9417456609884972, guid: 87eb642eb3dccb74082497b719dd9ce8, type: 3}
      propertyPath: m_LocalScale.x
      value: 0.13943
      objectReference: {fileID: 0}
    - target: {fileID: 9417456609884972, guid: 87eb642eb3dccb74082497b719dd9ce8, type: 3}
      propertyPath: m_LocalScale.z
      value: 0.13943
      objectReference: {fileID: 0}
    - target: {fileID: 181892827834390252, guid: 87eb642eb3dccb74082497b719dd9ce8,
        type: 3}
      propertyPath: m_LocalScale.x
      value: 0.13943
      objectReference: {fileID: 0}
    - target: {fileID: 181892827834390252, guid: 87eb642eb3dccb74082497b719dd9ce8,
        type: 3}
      propertyPath: m_LocalScale.y
      value: 0.19329183
      objectReference: {fileID: 0}
    - target: {fileID: 181892827834390252, guid: 87eb642eb3dccb74082497b719dd9ce8,
        type: 3}
      propertyPath: m_LocalScale.z
      value: 0.13943002
      objectReference: {fileID: 0}
    - target: {fileID: 281082045559000656, guid: 87eb642eb3dccb74082497b719dd9ce8,
        type: 3}
      propertyPath: skillChangeColors.Array.size
      value: 19
      objectReference: {fileID: 0}
    - target: {fileID: 281082045559000656, guid: 87eb642eb3dccb74082497b719dd9ce8,
        type: 3}
      propertyPath: skillChangeColors.Array.data[0]
      value: 
      objectReference: {fileID: 3912639204039017675}
    - target: {fileID: 281082045559000656, guid: 87eb642eb3dccb74082497b719dd9ce8,
        type: 3}
      propertyPath: skillChangeColors.Array.data[1]
      value: 
      objectReference: {fileID: 1771171660957670026}
    - target: {fileID: 281082045559000656, guid: 87eb642eb3dccb74082497b719dd9ce8,
        type: 3}
      propertyPath: skillChangeColors.Array.data[2]
      value: 
      objectReference: {fileID: 1212762132342627415}
    - target: {fileID: 281082045559000656, guid: 87eb642eb3dccb74082497b719dd9ce8,
        type: 3}
      propertyPath: skillChangeColors.Array.data[3]
      value: 
      objectReference: {fileID: 7517598472692819433}
    - target: {fileID: 281082045559000656, guid: 87eb642eb3dccb74082497b719dd9ce8,
        type: 3}
      propertyPath: skillChangeColors.Array.data[4]
      value: 
      objectReference: {fileID: 3455416534163232165}
    - target: {fileID: 281082045559000656, guid: 87eb642eb3dccb74082497b719dd9ce8,
        type: 3}
      propertyPath: skillChangeColors.Array.data[5]
      value: 
      objectReference: {fileID: 684389912212908582}
    - target: {fileID: 281082045559000656, guid: 87eb642eb3dccb74082497b719dd9ce8,
        type: 3}
      propertyPath: skillChangeColors.Array.data[6]
      value: 
      objectReference: {fileID: 1457294015122901219}
    - target: {fileID: 281082045559000656, guid: 87eb642eb3dccb74082497b719dd9ce8,
        type: 3}
      propertyPath: skillChangeColors.Array.data[7]
      value: 
      objectReference: {fileID: 5061657042722999924}
    - target: {fileID: 281082045559000656, guid: 87eb642eb3dccb74082497b719dd9ce8,
        type: 3}
      propertyPath: skillChangeColors.Array.data[8]
      value: 
      objectReference: {fileID: 1192654379702622069}
    - target: {fileID: 281082045559000656, guid: 87eb642eb3dccb74082497b719dd9ce8,
        type: 3}
      propertyPath: skillChangeColors.Array.data[9]
      value: 
      objectReference: {fileID: 2412605559895194780}
    - target: {fileID: 281082045559000656, guid: 87eb642eb3dccb74082497b719dd9ce8,
        type: 3}
      propertyPath: skillChangeColors.Array.data[10]
      value: 
      objectReference: {fileID: 7027795946606223308}
    - target: {fileID: 281082045559000656, guid: 87eb642eb3dccb74082497b719dd9ce8,
        type: 3}
      propertyPath: skillChangeColors.Array.data[11]
      value: 
      objectReference: {fileID: 4231023751961927535}
    - target: {fileID: 281082045559000656, guid: 87eb642eb3dccb74082497b719dd9ce8,
        type: 3}
      propertyPath: skillChangeColors.Array.data[12]
      value: 
      objectReference: {fileID: 1889342816740433003}
    - target: {fileID: 281082045559000656, guid: 87eb642eb3dccb74082497b719dd9ce8,
        type: 3}
      propertyPath: skillChangeColors.Array.data[13]
      value: 
      objectReference: {fileID: 908419664805570674}
    - target: {fileID: 281082045559000656, guid: 87eb642eb3dccb74082497b719dd9ce8,
        type: 3}
      propertyPath: skillChangeColors.Array.data[14]
      value: 
      objectReference: {fileID: 5273296527183541814}
    - target: {fileID: 281082045559000656, guid: 87eb642eb3dccb74082497b719dd9ce8,
        type: 3}
      propertyPath: skillChangeColors.Array.data[15]
      value: 
      objectReference: {fileID: 8016158310005002035}
    - target: {fileID: 281082045559000656, guid: 87eb642eb3dccb74082497b719dd9ce8,
        type: 3}
      propertyPath: skillChangeColors.Array.data[16]
      value: 
      objectReference: {fileID: 4668600266211150262}
    - target: {fileID: 281082045559000656, guid: 87eb642eb3dccb74082497b719dd9ce8,
        type: 3}
      propertyPath: skillChangeColors.Array.data[17]
      value: 
      objectReference: {fileID: 4761177875714743994}
    - target: {fileID: 281082045559000656, guid: 87eb642eb3dccb74082497b719dd9ce8,
        type: 3}
      propertyPath: skillChangeColors.Array.data[18]
      value: 
      objectReference: {fileID: 7709640237307178411}
    - target: {fileID: 299937869241337967, guid: 87eb642eb3dccb74082497b719dd9ce8,
        type: 3}
      propertyPath: m_LocalPosition.z
      value: -0.0763
      objectReference: {fileID: 0}
    - target: {fileID: 719730422865122281, guid: 87eb642eb3dccb74082497b719dd9ce8,
        type: 3}
      propertyPath: m_Materials.Array.data[0]
      value: 
      objectReference: {fileID: 2100000, guid: b050a8f9c0eb6d74797637e50be9132b, type: 2}
    - target: {fileID: 866554869243012770, guid: 87eb642eb3dccb74082497b719dd9ce8,
        type: 3}
      propertyPath: m_Color.g
      value: 0.011764706
      objectReference: {fileID: 0}
    - target: {fileID: 955608905528983825, guid: 87eb642eb3dccb74082497b719dd9ce8,
        type: 3}
      propertyPath: m_RootOrder
      value: 13
      objectReference: {fileID: 0}
    - target: {fileID: 967500876091162214, guid: 87eb642eb3dccb74082497b719dd9ce8,
        type: 3}
      propertyPath: m_Materials.Array.data[0]
      value: 
      objectReference: {fileID: 2100000, guid: b050a8f9c0eb6d74797637e50be9132b, type: 2}
    - target: {fileID: 1109382265213274999, guid: 87eb642eb3dccb74082497b719dd9ce8,
        type: 3}
      propertyPath: m_audioClip
      value: 
      objectReference: {fileID: 8300000, guid: 6d47f6c98b2f9854e8c5c0891de92604, type: 3}
    - target: {fileID: 1162251200614456484, guid: 87eb642eb3dccb74082497b719dd9ce8,
        type: 3}
      propertyPath: m_Height
      value: 3.266762
      objectReference: {fileID: 0}
    - target: {fileID: 1162251200614456484, guid: 87eb642eb3dccb74082497b719dd9ce8,
        type: 3}
      propertyPath: m_Center.y
      value: 0.04993349
      objectReference: {fileID: 0}
    - target: {fileID: 1162251200614456484, guid: 87eb642eb3dccb74082497b719dd9ce8,
        type: 3}
      propertyPath: m_Center.z
      value: -2.5870557e-16
      objectReference: {fileID: 0}
    - target: {fileID: 1240268944051358596, guid: 87eb642eb3dccb74082497b719dd9ce8,
        type: 3}
      propertyPath: m_Name
      value: KyloRensSaber
      objectReference: {fileID: 0}
    - target: {fileID: 1295981635495000699, guid: 87eb642eb3dccb74082497b719dd9ce8,
        type: 3}
      propertyPath: refs.Array.data[1]
      value: 
      objectReference: {fileID: 4705802589863262902}
    - target: {fileID: 1295981635495000701, guid: 87eb642eb3dccb74082497b719dd9ce8,
        type: 3}
      propertyPath: showName
      value: UF_SW_Galaxy_KyloRensSaber
      objectReference: {fileID: 0}
    - target: {fileID: 1295981635495000701, guid: 87eb642eb3dccb74082497b719dd9ce8,
        type: 3}
      propertyPath: showInfo
      value: UF_SW_Galaxy_KyloRensSaber_Desc
      objectReference: {fileID: 0}
    - target: {fileID: 1295981635495000702, guid: 87eb642eb3dccb74082497b719dd9ce8,
        type: 3}
      propertyPath: geos.Array.data[3].geoPoint.x
      value: -0.12
      objectReference: {fileID: 0}
    - target: {fileID: 1295981635495000702, guid: 87eb642eb3dccb74082497b719dd9ce8,
        type: 3}
      propertyPath: geos.Array.data[4].geoPoint.x
      value: 0.12
      objectReference: {fileID: 0}
    - target: {fileID: 1628940976187582186, guid: 87eb642eb3dccb74082497b719dd9ce8,
        type: 3}
      propertyPath: MyMaterial
      value: 
      objectReference: {fileID: 2100000, guid: eb27da273720cf74fb991d93e2afb45a, type: 2}
    - target: {fileID: 2782710190803203263, guid: 87eb642eb3dccb74082497b719dd9ce8,
        type: 3}
      propertyPath: m_RootOrder
      value: 14
      objectReference: {fileID: 0}
    - target: {fileID: 3154701089590684507, guid: 87eb642eb3dccb74082497b719dd9ce8,
        type: 3}
      propertyPath: m_LocalPosition.z
      value: 0.869
      objectReference: {fileID: 0}
    - target: {fileID: 3192640654156407638, guid: 87eb642eb3dccb74082497b719dd9ce8,
        type: 3}
      propertyPath: m_LocalPosition.y
      value: 0.93
      objectReference: {fileID: 0}
    - target: {fileID: 4117983922734984035, guid: 87eb642eb3dccb74082497b719dd9ce8,
        type: 3}
      propertyPath: m_LocalPosition.z
      value: -0.0929
      objectReference: {fileID: 0}
    - target: {fileID: 4117983922734984035, guid: 87eb642eb3dccb74082497b719dd9ce8,
        type: 3}
      propertyPath: m_LocalPosition.y
      value: 0
      objectReference: {fileID: 0}
    - target: {fileID: 4735502363374680782, guid: 87eb642eb3dccb74082497b719dd9ce8,
        type: 3}
      propertyPath: m_Materials.Array.data[0]
      value: 
      objectReference: {fileID: 2100000, guid: b050a8f9c0eb6d74797637e50be9132b, type: 2}
    - target: {fileID: 4950646361045544414, guid: 87eb642eb3dccb74082497b719dd9ce8,
        type: 3}
      propertyPath: MyMaterial
      value: 
      objectReference: {fileID: 2100000, guid: eb27da273720cf74fb991d93e2afb45a, type: 2}
    - target: {fileID: 5191321426873617139, guid: 87eb642eb3dccb74082497b719dd9ce8,
        type: 3}
      propertyPath: m_LocalPosition.z
      value: -0.0517
      objectReference: {fileID: 0}
    - target: {fileID: 6044021890197068052, guid: 87eb642eb3dccb74082497b719dd9ce8,
        type: 3}
      propertyPath: lineEndPoint
      value: -0.1
      objectReference: {fileID: 0}
    - target: {fileID: 6198787529766814555, guid: 87eb642eb3dccb74082497b719dd9ce8,
        type: 3}
      propertyPath: m_LocalPosition.x
      value: -0
      objectReference: {fileID: 0}
    - target: {fileID: 6198787529766814555, guid: 87eb642eb3dccb74082497b719dd9ce8,
        type: 3}
      propertyPath: m_LocalPosition.z
      value: -0.0541
      objectReference: {fileID: 0}
    - target: {fileID: 6381137768488025415, guid: 87eb642eb3dccb74082497b719dd9ce8,
        type: 3}
      propertyPath: script.stringList.Array.data[1].value
      value: UF_SW_Galaxy_saber_red_clash1
      objectReference: {fileID: 0}
    - target: {fileID: 6381137768488025415, guid: 87eb642eb3dccb74082497b719dd9ce8,
        type: 3}
      propertyPath: script.stringList.Array.data[2].value
      value: UF_SW_Galaxy_saber_red_clash2
      objectReference: {fileID: 0}
    - target: {fileID: 6381137768488025415, guid: 87eb642eb3dccb74082497b719dd9ce8,
        type: 3}
      propertyPath: script.stringList.Array.data[3].value
      value: UF_SW_Galaxy_saber_red_clash3
      objectReference: {fileID: 0}
    - target: {fileID: 6537530790715155574, guid: 87eb642eb3dccb74082497b719dd9ce8,
        type: 3}
      propertyPath: MyMaterial
      value: 
      objectReference: {fileID: 2100000, guid: eb27da273720cf74fb991d93e2afb45a, type: 2}
    - target: {fileID: 6631017730432394993, guid: 87eb642eb3dccb74082497b719dd9ce8,
        type: 3}
      propertyPath: lineEndPoint
      value: -0.1
      objectReference: {fileID: 0}
    - target: {fileID: 6855446098710605069, guid: 87eb642eb3dccb74082497b719dd9ce8,
        type: 3}
      propertyPath: m_IsActive
      value: 0
      objectReference: {fileID: 0}
    - target: {fileID: 7486512410005301703, guid: 87eb642eb3dccb74082497b719dd9ce8,
        type: 3}
      propertyPath: m_LocalPosition.x
      value: -0
      objectReference: {fileID: 0}
    - target: {fileID: 7486512410005301703, guid: 87eb642eb3dccb74082497b719dd9ce8,
        type: 3}
      propertyPath: m_LocalPosition.z
      value: -0.1652
      objectReference: {fileID: 0}
    - target: {fileID: 7539694693573730064, guid: 87eb642eb3dccb74082497b719dd9ce8,
        type: 3}
      propertyPath: soundInfo.soundNames.Array.data[0]
      value: UF_SW_Galaxy_saber_kylo_on1
      objectReference: {fileID: 0}
    - target: {fileID: 8737716410198969365, guid: 87eb642eb3dccb74082497b719dd9ce8,
        type: 3}
      propertyPath: script.stringList.Array.data[0].value
      value: UF_SW_Galaxy_saber_kylo_on1
      objectReference: {fileID: 0}
    - target: {fileID: 8737716410198969365, guid: 87eb642eb3dccb74082497b719dd9ce8,
        type: 3}
      propertyPath: script.stringList.Array.data[1].value
      value: UF_SW_Galaxy_saber_kylo_off1
      objectReference: {fileID: 0}
    - target: {fileID: 8784460603425628271, guid: 87eb642eb3dccb74082497b719dd9ce8,
        type: 3}
      propertyPath: m_LocalPosition.z
      value: -0.1652
      objectReference: {fileID: 0}
    - target: {fileID: 8825073810576070088, guid: 87eb642eb3dccb74082497b719dd9ce8,
        type: 3}
      propertyPath: m_LocalPosition.y
      value: 0.766
      objectReference: {fileID: 0}
    - target: {fileID: 9167300036181571568, guid: 87eb642eb3dccb74082497b719dd9ce8,
        type: 3}
      propertyPath: soundInfo.soundNames.Array.data[0]
      value: UF_SW_Galaxy_saber_kylo_off1
      objectReference: {fileID: 0}
    - target: {fileID: 9181629621366753904, guid: 87eb642eb3dccb74082497b719dd9ce8,
        type: 3}
      propertyPath: m_LocalPosition.x
      value: 3.24
      objectReference: {fileID: 0}
    - target: {fileID: 9181629621366753904, guid: 87eb642eb3dccb74082497b719dd9ce8,
        type: 3}
      propertyPath: m_LocalPosition.y
      value: 0
      objectReference: {fileID: 0}
    - target: {fileID: 9181629621366753904, guid: 87eb642eb3dccb74082497b719dd9ce8,
        type: 3}
      propertyPath: m_LocalPosition.z
      value: 0.163
      objectReference: {fileID: 0}
    - target: {fileID: 9181629621366753904, guid: 87eb642eb3dccb74082497b719dd9ce8,
        type: 3}
      propertyPath: m_LocalRotation.x
      value: 0
      objectReference: {fileID: 0}
    - target: {fileID: 9181629621366753904, guid: 87eb642eb3dccb74082497b719dd9ce8,
        type: 3}
      propertyPath: m_LocalRotation.y
      value: 0
      objectReference: {fileID: 0}
    - target: {fileID: 9181629621366753904, guid: 87eb642eb3dccb74082497b719dd9ce8,
        type: 3}
      propertyPath: m_LocalRotation.z
      value: 0
      objectReference: {fileID: 0}
    - target: {fileID: 9181629621366753904, guid: 87eb642eb3dccb74082497b719dd9ce8,
        type: 3}
      propertyPath: m_LocalRotation.w
      value: 1
      objectReference: {fileID: 0}
    - target: {fileID: 9181629621366753904, guid: 87eb642eb3dccb74082497b719dd9ce8,
        type: 3}
      propertyPath: m_RootOrder
      value: 0
      objectReference: {fileID: 0}
    - target: {fileID: 9181629621366753904, guid: 87eb642eb3dccb74082497b719dd9ce8,
        type: 3}
      propertyPath: m_LocalEulerAnglesHint.x
      value: 0
      objectReference: {fileID: 0}
    - target: {fileID: 9181629621366753904, guid: 87eb642eb3dccb74082497b719dd9ce8,
        type: 3}
      propertyPath: m_LocalEulerAnglesHint.y
      value: 0
      objectReference: {fileID: 0}
    - target: {fileID: 9181629621366753904, guid: 87eb642eb3dccb74082497b719dd9ce8,
        type: 3}
      propertyPath: m_LocalEulerAnglesHint.z
      value: 0
      objectReference: {fileID: 0}
    m_RemovedComponents: []
  m_SourcePrefab: {fileID: 100100000, guid: 87eb642eb3dccb74082497b719dd9ce8, type: 3}
--- !u!4 &8990188261080996253 stripped
Transform:
  m_CorrespondingSourceObject: {fileID: 9181629621366753904, guid: 87eb642eb3dccb74082497b719dd9ce8,
    type: 3}
  m_PrefabInstance: {fileID: 263500065817727981}
  m_PrefabAsset: {fileID: 0}
--- !u!1001 &2515984442633112390
PrefabInstance:
  m_ObjectHideFlags: 0
  serializedVersion: 2
  m_Modification:
    m_TransformParent: {fileID: 4529633867261171191}
    m_Modifications:
    - target: {fileID: -8966146255056980006, guid: 0c50ee17b725c6c4fb82f6b08bc07744,
        type: 3}
      propertyPath: m_Materials.Array.data[0]
      value: 
      objectReference: {fileID: 2100000, guid: 3a3fd3209692a104b9f225e858eb2d94, type: 2}
    - target: {fileID: -8679921383154817045, guid: 0c50ee17b725c6c4fb82f6b08bc07744,
        type: 3}
      propertyPath: m_LocalPosition.x
      value: -0.02
      objectReference: {fileID: 0}
    - target: {fileID: -8679921383154817045, guid: 0c50ee17b725c6c4fb82f6b08bc07744,
        type: 3}
      propertyPath: m_LocalPosition.y
      value: -3.67
      objectReference: {fileID: 0}
    - target: {fileID: -8679921383154817045, guid: 0c50ee17b725c6c4fb82f6b08bc07744,
        type: 3}
      propertyPath: m_LocalPosition.z
      value: 0
      objectReference: {fileID: 0}
    - target: {fileID: -8679921383154817045, guid: 0c50ee17b725c6c4fb82f6b08bc07744,
        type: 3}
      propertyPath: m_LocalRotation.x
      value: 0.5
      objectReference: {fileID: 0}
    - target: {fileID: -8679921383154817045, guid: 0c50ee17b725c6c4fb82f6b08bc07744,
        type: 3}
      propertyPath: m_LocalRotation.y
      value: -0.5
      objectReference: {fileID: 0}
    - target: {fileID: -8679921383154817045, guid: 0c50ee17b725c6c4fb82f6b08bc07744,
        type: 3}
      propertyPath: m_LocalRotation.z
      value: -0.5
      objectReference: {fileID: 0}
    - target: {fileID: -8679921383154817045, guid: 0c50ee17b725c6c4fb82f6b08bc07744,
        type: 3}
      propertyPath: m_LocalRotation.w
      value: 0.5
      objectReference: {fileID: 0}
    - target: {fileID: -8679921383154817045, guid: 0c50ee17b725c6c4fb82f6b08bc07744,
        type: 3}
      propertyPath: m_RootOrder
      value: 0
      objectReference: {fileID: 0}
    - target: {fileID: -8679921383154817045, guid: 0c50ee17b725c6c4fb82f6b08bc07744,
        type: 3}
      propertyPath: m_LocalEulerAnglesHint.x
      value: 180
      objectReference: {fileID: 0}
    - target: {fileID: -8679921383154817045, guid: 0c50ee17b725c6c4fb82f6b08bc07744,
        type: 3}
      propertyPath: m_LocalEulerAnglesHint.y
      value: 90
      objectReference: {fileID: 0}
    - target: {fileID: -8679921383154817045, guid: 0c50ee17b725c6c4fb82f6b08bc07744,
        type: 3}
      propertyPath: m_LocalEulerAnglesHint.z
      value: 90
      objectReference: {fileID: 0}
    - target: {fileID: -8679921383154817045, guid: 0c50ee17b725c6c4fb82f6b08bc07744,
        type: 3}
      propertyPath: m_LocalScale.x
      value: 57.872658
      objectReference: {fileID: 0}
    - target: {fileID: -8679921383154817045, guid: 0c50ee17b725c6c4fb82f6b08bc07744,
        type: 3}
      propertyPath: m_LocalScale.y
      value: 57.872658
      objectReference: {fileID: 0}
    - target: {fileID: -8679921383154817045, guid: 0c50ee17b725c6c4fb82f6b08bc07744,
        type: 3}
      propertyPath: m_LocalScale.z
      value: 57.872658
      objectReference: {fileID: 0}
    - target: {fileID: -8223150410709279479, guid: 0c50ee17b725c6c4fb82f6b08bc07744,
        type: 3}
      propertyPath: m_Materials.Array.data[0]
      value: 
      objectReference: {fileID: 2100000, guid: 3a3fd3209692a104b9f225e858eb2d94, type: 2}
    - target: {fileID: -7324286019875136301, guid: 0c50ee17b725c6c4fb82f6b08bc07744,
        type: 3}
      propertyPath: m_Materials.Array.data[0]
      value: 
      objectReference: {fileID: 2100000, guid: 3a3fd3209692a104b9f225e858eb2d94, type: 2}
    - target: {fileID: -6488406338905417098, guid: 0c50ee17b725c6c4fb82f6b08bc07744,
        type: 3}
      propertyPath: m_Materials.Array.data[0]
      value: 
      objectReference: {fileID: 2100000, guid: 3a3fd3209692a104b9f225e858eb2d94, type: 2}
    - target: {fileID: -5876695747986365644, guid: 0c50ee17b725c6c4fb82f6b08bc07744,
        type: 3}
      propertyPath: m_Materials.Array.data[0]
      value: 
      objectReference: {fileID: 2100000, guid: 3a3fd3209692a104b9f225e858eb2d94, type: 2}
    - target: {fileID: -5824914989008356903, guid: 0c50ee17b725c6c4fb82f6b08bc07744,
        type: 3}
      propertyPath: m_Materials.Array.data[0]
      value: 
      objectReference: {fileID: 2100000, guid: 3a3fd3209692a104b9f225e858eb2d94, type: 2}
    - target: {fileID: -5738191838124673034, guid: 0c50ee17b725c6c4fb82f6b08bc07744,
        type: 3}
      propertyPath: m_Materials.Array.data[0]
      value: 
      objectReference: {fileID: 2100000, guid: c98547eed5caf06449045d5fcb268ade, type: 2}
    - target: {fileID: -5603029621024123119, guid: 0c50ee17b725c6c4fb82f6b08bc07744,
        type: 3}
      propertyPath: m_Materials.Array.data[0]
      value: 
      objectReference: {fileID: 2100000, guid: 3a3fd3209692a104b9f225e858eb2d94, type: 2}
    - target: {fileID: -5591295543181353933, guid: 0c50ee17b725c6c4fb82f6b08bc07744,
        type: 3}
      propertyPath: m_Materials.Array.data[0]
      value: 
      objectReference: {fileID: 2100000, guid: c98547eed5caf06449045d5fcb268ade, type: 2}
    - target: {fileID: -5499863738581147183, guid: 0c50ee17b725c6c4fb82f6b08bc07744,
        type: 3}
      propertyPath: m_Materials.Array.data[0]
      value: 
      objectReference: {fileID: 2100000, guid: c98547eed5caf06449045d5fcb268ade, type: 2}
    - target: {fileID: -5494852434944757276, guid: 0c50ee17b725c6c4fb82f6b08bc07744,
        type: 3}
      propertyPath: m_Materials.Array.data[0]
      value: 
      objectReference: {fileID: 2100000, guid: 3a3fd3209692a104b9f225e858eb2d94, type: 2}
    - target: {fileID: -5446834177167291451, guid: 0c50ee17b725c6c4fb82f6b08bc07744,
        type: 3}
      propertyPath: m_Materials.Array.data[0]
      value: 
      objectReference: {fileID: 2100000, guid: 9fa2c5be754048040a7c0208de615197, type: 2}
    - target: {fileID: -5272646804574682203, guid: 0c50ee17b725c6c4fb82f6b08bc07744,
        type: 3}
      propertyPath: m_Materials.Array.data[0]
      value: 
      objectReference: {fileID: 2100000, guid: 3a3fd3209692a104b9f225e858eb2d94, type: 2}
    - target: {fileID: -5128797550438934739, guid: 0c50ee17b725c6c4fb82f6b08bc07744,
        type: 3}
      propertyPath: m_Materials.Array.data[0]
      value: 
      objectReference: {fileID: 2100000, guid: 3a3fd3209692a104b9f225e858eb2d94, type: 2}
    - target: {fileID: -5083493104047892416, guid: 0c50ee17b725c6c4fb82f6b08bc07744,
        type: 3}
      propertyPath: m_Materials.Array.data[0]
      value: 
      objectReference: {fileID: 2100000, guid: 9fa2c5be754048040a7c0208de615197, type: 2}
    - target: {fileID: -5008313153326378548, guid: 0c50ee17b725c6c4fb82f6b08bc07744,
        type: 3}
      propertyPath: m_Materials.Array.data[0]
      value: 
      objectReference: {fileID: 2100000, guid: 3a3fd3209692a104b9f225e858eb2d94, type: 2}
    - target: {fileID: -4583293945757053542, guid: 0c50ee17b725c6c4fb82f6b08bc07744,
        type: 3}
      propertyPath: m_Materials.Array.data[0]
      value: 
      objectReference: {fileID: 2100000, guid: 9fa2c5be754048040a7c0208de615197, type: 2}
    - target: {fileID: -4364782262044420982, guid: 0c50ee17b725c6c4fb82f6b08bc07744,
        type: 3}
      propertyPath: m_Materials.Array.data[0]
      value: 
      objectReference: {fileID: 2100000, guid: 3a3fd3209692a104b9f225e858eb2d94, type: 2}
    - target: {fileID: -4353669986780519983, guid: 0c50ee17b725c6c4fb82f6b08bc07744,
        type: 3}
      propertyPath: m_Materials.Array.data[0]
      value: 
      objectReference: {fileID: 2100000, guid: c98547eed5caf06449045d5fcb268ade, type: 2}
    - target: {fileID: -4029395140189690131, guid: 0c50ee17b725c6c4fb82f6b08bc07744,
        type: 3}
      propertyPath: m_Materials.Array.data[0]
      value: 
      objectReference: {fileID: 2100000, guid: 3a3fd3209692a104b9f225e858eb2d94, type: 2}
    - target: {fileID: -3816753528437887815, guid: 0c50ee17b725c6c4fb82f6b08bc07744,
        type: 3}
      propertyPath: m_Materials.Array.data[0]
      value: 
      objectReference: {fileID: 2100000, guid: 9fa2c5be754048040a7c0208de615197, type: 2}
    - target: {fileID: -3569673584908058903, guid: 0c50ee17b725c6c4fb82f6b08bc07744,
        type: 3}
      propertyPath: m_Materials.Array.data[0]
      value: 
      objectReference: {fileID: 2100000, guid: 3a3fd3209692a104b9f225e858eb2d94, type: 2}
    - target: {fileID: -2725198151676344998, guid: 0c50ee17b725c6c4fb82f6b08bc07744,
        type: 3}
      propertyPath: m_Materials.Array.data[0]
      value: 
      objectReference: {fileID: 2100000, guid: 9fa2c5be754048040a7c0208de615197, type: 2}
    - target: {fileID: -2236916265030226004, guid: 0c50ee17b725c6c4fb82f6b08bc07744,
        type: 3}
      propertyPath: m_Materials.Array.data[0]
      value: 
      objectReference: {fileID: 2100000, guid: 3a3fd3209692a104b9f225e858eb2d94, type: 2}
    - target: {fileID: -2152542837042773264, guid: 0c50ee17b725c6c4fb82f6b08bc07744,
        type: 3}
      propertyPath: m_Materials.Array.data[0]
      value: 
      objectReference: {fileID: 2100000, guid: 2bc1b537e55a81b48ab2ec50ee2bceb6, type: 2}
    - target: {fileID: -1957925893358385870, guid: 0c50ee17b725c6c4fb82f6b08bc07744,
        type: 3}
      propertyPath: m_Materials.Array.data[0]
      value: 
      objectReference: {fileID: 2100000, guid: 3a3fd3209692a104b9f225e858eb2d94, type: 2}
    - target: {fileID: -1458020838709314192, guid: 0c50ee17b725c6c4fb82f6b08bc07744,
        type: 3}
      propertyPath: m_Materials.Array.data[0]
      value: 
      objectReference: {fileID: 2100000, guid: 3a3fd3209692a104b9f225e858eb2d94, type: 2}
    - target: {fileID: -878672193493419815, guid: 0c50ee17b725c6c4fb82f6b08bc07744,
        type: 3}
      propertyPath: m_Materials.Array.data[0]
      value: 
      objectReference: {fileID: 2100000, guid: 9fa2c5be754048040a7c0208de615197, type: 2}
    - target: {fileID: -176145686194212753, guid: 0c50ee17b725c6c4fb82f6b08bc07744,
        type: 3}
      propertyPath: m_Materials.Array.data[0]
      value: 
      objectReference: {fileID: 2100000, guid: c98547eed5caf06449045d5fcb268ade, type: 2}
    - target: {fileID: 919132149155446097, guid: 0c50ee17b725c6c4fb82f6b08bc07744,
        type: 3}
      propertyPath: m_Name
      value: Kylo_Ren_low
      objectReference: {fileID: 0}
    - target: {fileID: 945344165619818211, guid: 0c50ee17b725c6c4fb82f6b08bc07744,
        type: 3}
      propertyPath: m_Materials.Array.data[0]
      value: 
      objectReference: {fileID: 2100000, guid: 3a3fd3209692a104b9f225e858eb2d94, type: 2}
    - target: {fileID: 1385258434517813161, guid: 0c50ee17b725c6c4fb82f6b08bc07744,
        type: 3}
      propertyPath: m_Materials.Array.data[0]
      value: 
      objectReference: {fileID: 2100000, guid: 9fa2c5be754048040a7c0208de615197, type: 2}
    - target: {fileID: 1488138571462021005, guid: 0c50ee17b725c6c4fb82f6b08bc07744,
        type: 3}
      propertyPath: m_Materials.Array.data[0]
      value: 
      objectReference: {fileID: 2100000, guid: 3a3fd3209692a104b9f225e858eb2d94, type: 2}
    - target: {fileID: 1501781166209477739, guid: 0c50ee17b725c6c4fb82f6b08bc07744,
        type: 3}
      propertyPath: m_Materials.Array.data[0]
      value: 
      objectReference: {fileID: 2100000, guid: 3a3fd3209692a104b9f225e858eb2d94, type: 2}
    - target: {fileID: 1755576104021660713, guid: 0c50ee17b725c6c4fb82f6b08bc07744,
        type: 3}
      propertyPath: m_Materials.Array.data[0]
      value: 
      objectReference: {fileID: 2100000, guid: 3a3fd3209692a104b9f225e858eb2d94, type: 2}
    - target: {fileID: 1774629237924859745, guid: 0c50ee17b725c6c4fb82f6b08bc07744,
        type: 3}
      propertyPath: m_Materials.Array.data[0]
      value: 
      objectReference: {fileID: 2100000, guid: 3a3fd3209692a104b9f225e858eb2d94, type: 2}
    - target: {fileID: 1789456157468695042, guid: 0c50ee17b725c6c4fb82f6b08bc07744,
        type: 3}
      propertyPath: m_Materials.Array.data[0]
      value: 
      objectReference: {fileID: 2100000, guid: 3a3fd3209692a104b9f225e858eb2d94, type: 2}
    - target: {fileID: 2463403990349603331, guid: 0c50ee17b725c6c4fb82f6b08bc07744,
        type: 3}
      propertyPath: m_Materials.Array.data[0]
      value: 
      objectReference: {fileID: 2100000, guid: 3a3fd3209692a104b9f225e858eb2d94, type: 2}
    - target: {fileID: 3021822085799370014, guid: 0c50ee17b725c6c4fb82f6b08bc07744,
        type: 3}
      propertyPath: m_Materials.Array.data[0]
      value: 
      objectReference: {fileID: 2100000, guid: c98547eed5caf06449045d5fcb268ade, type: 2}
    - target: {fileID: 3140665332914577760, guid: 0c50ee17b725c6c4fb82f6b08bc07744,
        type: 3}
      propertyPath: m_Materials.Array.data[0]
      value: 
      objectReference: {fileID: 2100000, guid: 3a3fd3209692a104b9f225e858eb2d94, type: 2}
    - target: {fileID: 3211886274451286578, guid: 0c50ee17b725c6c4fb82f6b08bc07744,
        type: 3}
      propertyPath: m_Materials.Array.data[0]
      value: 
      objectReference: {fileID: 2100000, guid: f812c3308c90f144dae8dc2260ac2a92, type: 2}
    - target: {fileID: 3747173319889127993, guid: 0c50ee17b725c6c4fb82f6b08bc07744,
        type: 3}
      propertyPath: m_Materials.Array.data[0]
      value: 
      objectReference: {fileID: 2100000, guid: 3a3fd3209692a104b9f225e858eb2d94, type: 2}
    - target: {fileID: 3940508311519572224, guid: 0c50ee17b725c6c4fb82f6b08bc07744,
        type: 3}
      propertyPath: m_Materials.Array.data[0]
      value: 
      objectReference: {fileID: 2100000, guid: 3a3fd3209692a104b9f225e858eb2d94, type: 2}
    - target: {fileID: 4845449732733479321, guid: 0c50ee17b725c6c4fb82f6b08bc07744,
        type: 3}
      propertyPath: m_Materials.Array.data[0]
      value: 
      objectReference: {fileID: 2100000, guid: 3a3fd3209692a104b9f225e858eb2d94, type: 2}
    - target: {fileID: 5608546174419764341, guid: 0c50ee17b725c6c4fb82f6b08bc07744,
        type: 3}
      propertyPath: m_Materials.Array.data[0]
      value: 
      objectReference: {fileID: 2100000, guid: b1ae406da4fa0b644b2b94df2ef45f7e, type: 2}
    - target: {fileID: 6233072957154124099, guid: 0c50ee17b725c6c4fb82f6b08bc07744,
        type: 3}
      propertyPath: m_Materials.Array.data[0]
      value: 
      objectReference: {fileID: 2100000, guid: 3a3fd3209692a104b9f225e858eb2d94, type: 2}
    - target: {fileID: 6821101568666072748, guid: 0c50ee17b725c6c4fb82f6b08bc07744,
        type: 3}
      propertyPath: m_Materials.Array.data[0]
      value: 
      objectReference: {fileID: 2100000, guid: 9fa2c5be754048040a7c0208de615197, type: 2}
    - target: {fileID: 6987766416315471356, guid: 0c50ee17b725c6c4fb82f6b08bc07744,
        type: 3}
      propertyPath: m_Materials.Array.data[0]
      value: 
      objectReference: {fileID: 2100000, guid: c98547eed5caf06449045d5fcb268ade, type: 2}
    - target: {fileID: 7307718964161425661, guid: 0c50ee17b725c6c4fb82f6b08bc07744,
        type: 3}
      propertyPath: m_Materials.Array.data[0]
      value: 
      objectReference: {fileID: 2100000, guid: 3a3fd3209692a104b9f225e858eb2d94, type: 2}
    - target: {fileID: 7597056749062276930, guid: 0c50ee17b725c6c4fb82f6b08bc07744,
        type: 3}
      propertyPath: m_Materials.Array.data[0]
      value: 
      objectReference: {fileID: 2100000, guid: c98547eed5caf06449045d5fcb268ade, type: 2}
    - target: {fileID: 7890437962758778300, guid: 0c50ee17b725c6c4fb82f6b08bc07744,
        type: 3}
      propertyPath: m_Materials.Array.data[0]
      value: 
      objectReference: {fileID: 2100000, guid: 3a3fd3209692a104b9f225e858eb2d94, type: 2}
    - target: {fileID: 8199591112059736869, guid: 0c50ee17b725c6c4fb82f6b08bc07744,
        type: 3}
      propertyPath: m_Materials.Array.data[0]
      value: 
      objectReference: {fileID: 2100000, guid: 9fa2c5be754048040a7c0208de615197, type: 2}
    - target: {fileID: 8660622501966308068, guid: 0c50ee17b725c6c4fb82f6b08bc07744,
        type: 3}
      propertyPath: m_Materials.Array.data[0]
      value: 
      objectReference: {fileID: 2100000, guid: 3a3fd3209692a104b9f225e858eb2d94, type: 2}
    - target: {fileID: 8840488640165276022, guid: 0c50ee17b725c6c4fb82f6b08bc07744,
        type: 3}
      propertyPath: m_Materials.Array.data[0]
      value: 
      objectReference: {fileID: 2100000, guid: 9fa2c5be754048040a7c0208de615197, type: 2}
    - target: {fileID: 9062192239754717883, guid: 0c50ee17b725c6c4fb82f6b08bc07744,
        type: 3}
      propertyPath: m_Materials.Array.data[0]
      value: 
      objectReference: {fileID: 2100000, guid: 9fa2c5be754048040a7c0208de615197, type: 2}
    - target: {fileID: 9128407501629694449, guid: 0c50ee17b725c6c4fb82f6b08bc07744,
        type: 3}
      propertyPath: m_Materials.Array.data[0]
      value: 
      objectReference: {fileID: 2100000, guid: 3a3fd3209692a104b9f225e858eb2d94, type: 2}
    m_RemovedComponents: []
  m_SourcePrefab: {fileID: 100100000, guid: 0c50ee17b725c6c4fb82f6b08bc07744, type: 3}
--- !u!4 &2693200922614639789 stripped
Transform:
  m_CorrespondingSourceObject: {fileID: -8679921383154817045, guid: 0c50ee17b725c6c4fb82f6b08bc07744,
    type: 3}
  m_PrefabInstance: {fileID: 2515984442633112390}
  m_PrefabAsset: {fileID: 0}
--- !u!23 &1192654379702622069 stripped
MeshRenderer:
  m_CorrespondingSourceObject: {fileID: -5591295543181353933, guid: 0c50ee17b725c6c4fb82f6b08bc07744,
    type: 3}
  m_PrefabInstance: {fileID: 2515984442633112390}
  m_PrefabAsset: {fileID: 0}
--- !u!23 &2412605559895194780 stripped
MeshRenderer:
  m_CorrespondingSourceObject: {fileID: -8966146255056980006, guid: 0c50ee17b725c6c4fb82f6b08bc07744,
    type: 3}
  m_PrefabInstance: {fileID: 2515984442633112390}
  m_PrefabAsset: {fileID: 0}
--- !u!23 &7027795946606223308 stripped
MeshRenderer:
  m_CorrespondingSourceObject: {fileID: -4364782262044420982, guid: 0c50ee17b725c6c4fb82f6b08bc07744,
    type: 3}
  m_PrefabInstance: {fileID: 2515984442633112390}
  m_PrefabAsset: {fileID: 0}
--- !u!23 &4231023751961927535 stripped
MeshRenderer:
  m_CorrespondingSourceObject: {fileID: 1755576104021660713, guid: 0c50ee17b725c6c4fb82f6b08bc07744,
    type: 3}
  m_PrefabInstance: {fileID: 2515984442633112390}
  m_PrefabAsset: {fileID: 0}
--- !u!23 &1889342816740433003 stripped
MeshRenderer:
  m_CorrespondingSourceObject: {fileID: -5128797550438934739, guid: 0c50ee17b725c6c4fb82f6b08bc07744,
    type: 3}
  m_PrefabInstance: {fileID: 2515984442633112390}
  m_PrefabAsset: {fileID: 0}
--- !u!23 &908419664805570674 stripped
MeshRenderer:
  m_CorrespondingSourceObject: {fileID: -5876695747986365644, guid: 0c50ee17b725c6c4fb82f6b08bc07744,
    type: 3}
  m_PrefabInstance: {fileID: 2515984442633112390}
  m_PrefabAsset: {fileID: 0}
--- !u!23 &5273296527183541814 stripped
MeshRenderer:
  m_CorrespondingSourceObject: {fileID: -1458020838709314192, guid: 0c50ee17b725c6c4fb82f6b08bc07744,
    type: 3}
  m_PrefabInstance: {fileID: 2515984442633112390}
  m_PrefabAsset: {fileID: 0}
--- !u!23 &8016158310005002035 stripped
MeshRenderer:
  m_CorrespondingSourceObject: {fileID: 5608546174419764341, guid: 0c50ee17b725c6c4fb82f6b08bc07744,
    type: 3}
  m_PrefabInstance: {fileID: 2515984442633112390}
  m_PrefabAsset: {fileID: 0}
--- !u!23 &4668600266211150262 stripped
MeshRenderer:
  m_CorrespondingSourceObject: {fileID: -2152542837042773264, guid: 0c50ee17b725c6c4fb82f6b08bc07744,
    type: 3}
  m_PrefabInstance: {fileID: 2515984442633112390}
  m_PrefabAsset: {fileID: 0}
--- !u!23 &4761177875714743994 stripped
MeshRenderer:
  m_CorrespondingSourceObject: {fileID: 6987766416315471356, guid: 0c50ee17b725c6c4fb82f6b08bc07744,
    type: 3}
  m_PrefabInstance: {fileID: 2515984442633112390}
  m_PrefabAsset: {fileID: 0}
--- !u!23 &7709640237307178411 stripped
MeshRenderer:
  m_CorrespondingSourceObject: {fileID: -4029395140189690131, guid: 0c50ee17b725c6c4fb82f6b08bc07744,
    type: 3}
  m_PrefabInstance: {fileID: 2515984442633112390}
  m_PrefabAsset: {fileID: 0}
--- !u!23 &3912639204039017675 stripped
MeshRenderer:
  m_CorrespondingSourceObject: {fileID: 1488138571462021005, guid: 0c50ee17b725c6c4fb82f6b08bc07744,
    type: 3}
  m_PrefabInstance: {fileID: 2515984442633112390}
  m_PrefabAsset: {fileID: 0}
--- !u!23 &1771171660957670026 stripped
MeshRenderer:
  m_CorrespondingSourceObject: {fileID: -5008313153326378548, guid: 0c50ee17b725c6c4fb82f6b08bc07744,
    type: 3}
  m_PrefabInstance: {fileID: 2515984442633112390}
  m_PrefabAsset: {fileID: 0}
--- !u!23 &1212762132342627415 stripped
MeshRenderer:
  m_CorrespondingSourceObject: {fileID: -5603029621024123119, guid: 0c50ee17b725c6c4fb82f6b08bc07744,
    type: 3}
  m_PrefabInstance: {fileID: 2515984442633112390}
  m_PrefabAsset: {fileID: 0}
--- !u!23 &7517598472692819433 stripped
MeshRenderer:
  m_CorrespondingSourceObject: {fileID: 5384420033383476911, guid: 0c50ee17b725c6c4fb82f6b08bc07744,
    type: 3}
  m_PrefabInstance: {fileID: 2515984442633112390}
  m_PrefabAsset: {fileID: 0}
--- !u!23 &3455416534163232165 stripped
MeshRenderer:
  m_CorrespondingSourceObject: {fileID: 945344165619818211, guid: 0c50ee17b725c6c4fb82f6b08bc07744,
    type: 3}
  m_PrefabInstance: {fileID: 2515984442633112390}
  m_PrefabAsset: {fileID: 0}
--- !u!23 &684389912212908582 stripped
MeshRenderer:
  m_CorrespondingSourceObject: {fileID: 3140665332914577760, guid: 0c50ee17b725c6c4fb82f6b08bc07744,
    type: 3}
  m_PrefabInstance: {fileID: 2515984442633112390}
  m_PrefabAsset: {fileID: 0}
--- !u!23 &1457294015122901219 stripped
MeshRenderer:
  m_CorrespondingSourceObject: {fileID: -5272646804574682203, guid: 0c50ee17b725c6c4fb82f6b08bc07744,
    type: 3}
  m_PrefabInstance: {fileID: 2515984442633112390}
  m_PrefabAsset: {fileID: 0}
--- !u!23 &5061657042722999924 stripped
MeshRenderer:
  m_CorrespondingSourceObject: {fileID: -1957925893358385870, guid: 0c50ee17b725c6c4fb82f6b08bc07744,
    type: 3}
  m_PrefabInstance: {fileID: 2515984442633112390}
  m_PrefabAsset: {fileID: 0}
