%YAML 1.1
%TAG !u! tag:unity3d.com,2011:
--- !u!1 &15998266521261926
GameObject:
  m_ObjectHideFlags: 0
  m_CorrespondingSourceObject: {fileID: 0}
  m_PrefabInstance: {fileID: 0}
  m_PrefabAsset: {fileID: 0}
  serializedVersion: 6
  m_Component:
  - component: {fileID: 4840975346462187028}
  - component: {fileID: 4471217952564695014}
  m_Layer: 15
  m_Name: collider
  m_TagString: Untagged
  m_Icon: {fileID: 0}
  m_NavMeshLayer: 0
  m_StaticEditorFlags: 0
  m_IsActive: 1
--- !u!4 &4840975346462187028
Transform:
  m_ObjectHideFlags: 0
  m_CorrespondingSourceObject: {fileID: 0}
  m_PrefabInstance: {fileID: 0}
  m_PrefabAsset: {fileID: 0}
  m_GameObject: {fileID: 15998266521261926}
  m_LocalRotation: {x: 0, y: 0, z: 0.7071068, w: 0.7071068}
  m_LocalPosition: {x: 0, y: 2.68, z: -0}
  m_LocalScale: {x: 1, y: 1, z: 1}
  m_Children: []
  m_Father: {fileID: 4326506659499449028}
  m_RootOrder: 1
  m_LocalEulerAnglesHint: {x: 0, y: 0, z: 90}
--- !u!136 &4471217952564695014
CapsuleCollider:
  m_ObjectHideFlags: 0
  m_CorrespondingSourceObject: {fileID: 0}
  m_PrefabInstance: {fileID: 0}
  m_PrefabAsset: {fileID: 0}
  m_GameObject: {fileID: 15998266521261926}
  m_Material: {fileID: 0}
  m_IsTrigger: 0
  m_Enabled: 1
  m_Radius: 0.71653616
  m_Height: 7.7014995
  m_Direction: 1
  m_Center: {x: 0.08695199, y: -0.122511044, z: -0.00000003957439}
--- !u!1 &2205059387469289817
GameObject:
  m_ObjectHideFlags: 0
  m_CorrespondingSourceObject: {fileID: 0}
  m_PrefabInstance: {fileID: 0}
  m_PrefabAsset: {fileID: 0}
  serializedVersion: 6
  m_Component:
  - component: {fileID: 5660850844784015487}
  - component: {fileID: 41769072356069402}
  - component: {fileID: 3843180609367474035}
  m_Layer: 0
  m_Name: staffcross_low.003 (3)
  m_TagString: Untagged
  m_Icon: {fileID: 0}
  m_NavMeshLayer: 0
  m_StaticEditorFlags: 0
  m_IsActive: 1
--- !u!4 &5660850844784015487
Transform:
  m_ObjectHideFlags: 0
  m_CorrespondingSourceObject: {fileID: 0}
  m_PrefabInstance: {fileID: 0}
  m_PrefabAsset: {fileID: 0}
  m_GameObject: {fileID: 2205059387469289817}
  m_LocalRotation: {x: 0.000000081460335, y: 0, z: -0, w: 1}
  m_LocalPosition: {x: -0, y: 491, z: -0}
  m_LocalScale: {x: 100, y: 100, z: 100}
  m_Children: []
  m_Father: {fileID: 2926762662218023564}
  m_RootOrder: 7
  m_LocalEulerAnglesHint: {x: 0, y: 0, z: 0}
--- !u!33 &41769072356069402
MeshFilter:
  m_ObjectHideFlags: 0
  m_CorrespondingSourceObject: {fileID: 0}
  m_PrefabInstance: {fileID: 0}
  m_PrefabAsset: {fileID: 0}
  m_GameObject: {fileID: 2205059387469289817}
  m_Mesh: {fileID: 4381963113825126316, guid: 5d3bc69e1647539429157b276728f581, type: 3}
--- !u!23 &3843180609367474035
MeshRenderer:
  m_ObjectHideFlags: 0
  m_CorrespondingSourceObject: {fileID: 0}
  m_PrefabInstance: {fileID: 0}
  m_PrefabAsset: {fileID: 0}
  m_GameObject: {fileID: 2205059387469289817}
  m_Enabled: 1
  m_CastShadows: 1
  m_ReceiveShadows: 1
  m_DynamicOccludee: 1
  m_MotionVectors: 1
  m_LightProbeUsage: 1
  m_ReflectionProbeUsage: 1
  m_RayTracingMode: 2
  m_RenderingLayerMask: 1
  m_RendererPriority: 0
  m_Materials:
  - {fileID: 2100000, guid: f46fd133d02938c49a4ecd700a952a60, type: 2}
  m_StaticBatchInfo:
    firstSubMesh: 0
    subMeshCount: 0
  m_StaticBatchRoot: {fileID: 0}
  m_ProbeAnchor: {fileID: 0}
  m_LightProbeVolumeOverride: {fileID: 0}
  m_ScaleInLightmap: 1
  m_ReceiveGI: 1
  m_PreserveUVs: 0
  m_IgnoreNormalsForChartDetection: 0
  m_ImportantGI: 0
  m_StitchLightmapSeams: 1
  m_SelectedEditorRenderState: 3
  m_MinimumChartSize: 4
  m_AutoUVMaxDistance: 0.5
  m_AutoUVMaxAngle: 89
  m_LightmapParameters: {fileID: 0}
  m_SortingLayerID: 0
  m_SortingLayer: 0
  m_SortingOrder: 0
--- !u!1 &2565857121144925292
GameObject:
  m_ObjectHideFlags: 0
  m_CorrespondingSourceObject: {fileID: 0}
  m_PrefabInstance: {fileID: 0}
  m_PrefabAsset: {fileID: 0}
  serializedVersion: 6
  m_Component:
  - component: {fileID: 4326506659499449028}
  - component: {fileID: 2068057977532895327}
  - component: {fileID: 4870913921366914437}
  - component: {fileID: 6309874246367210328}
  m_Layer: 15
  m_Name: customHilt
  m_TagString: Untagged
  m_Icon: {fileID: 0}
  m_NavMeshLayer: 0
  m_StaticEditorFlags: 0
  m_IsActive: 1
--- !u!4 &4326506659499449028
Transform:
  m_ObjectHideFlags: 0
  m_CorrespondingSourceObject: {fileID: 0}
  m_PrefabInstance: {fileID: 0}
  m_PrefabAsset: {fileID: 0}
  m_GameObject: {fileID: 2565857121144925292}
  m_LocalRotation: {x: 0.7071068, y: -0, z: -0, w: 0.7071068}
  m_LocalPosition: {x: 0, y: 0, z: 0}
  m_LocalScale: {x: 0.01592, y: 0.01592, z: 0.01592}
  m_Children:
  - {fileID: 2926762662218023564}
  - {fileID: 4840975346462187028}
  m_Father: {fileID: 2841382822727040004}
  m_RootOrder: 14
  m_LocalEulerAnglesHint: {x: 90, y: 0, z: 0}
--- !u!136 &2068057977532895327
CapsuleCollider:
  m_ObjectHideFlags: 0
  m_CorrespondingSourceObject: {fileID: 0}
  m_PrefabInstance: {fileID: 0}
  m_PrefabAsset: {fileID: 0}
  m_GameObject: {fileID: 2565857121144925292}
  m_Material: {fileID: 0}
  m_IsTrigger: 0
  m_Enabled: 1
  m_Radius: 1.3876036
  m_Height: 70.96603
  m_Direction: 1
  m_Center: {x: 0, y: -28.473866, z: 3.404319e-14}
--- !u!114 &4870913921366914437
MonoBehaviour:
  m_ObjectHideFlags: 0
  m_CorrespondingSourceObject: {fileID: 0}
  m_PrefabInstance: {fileID: 0}
  m_PrefabAsset: {fileID: 0}
  m_GameObject: {fileID: 2565857121144925292}
  m_Enabled: 1
  m_EditorHideFlags: 0
  m_Script: {fileID: 11500000, guid: 4ed02ad330bebe744b52781c925a08c0, type: 3}
  m_Name: 
  m_EditorClassIdentifier: 
  hitInfo:
    templateName: 
    weightAmongMultiple: 1
--- !u!114 &6309874246367210328
MonoBehaviour:
  m_ObjectHideFlags: 0
  m_CorrespondingSourceObject: {fileID: 0}
  m_PrefabInstance: {fileID: 0}
  m_PrefabAsset: {fileID: 0}
  m_GameObject: {fileID: 2565857121144925292}
  m_Enabled: 1
  m_EditorHideFlags: 0
  m_Script: {fileID: 11500000, guid: df710fb68de61bb4989f3f822c6787de, type: 3}
  m_Name: 
  m_EditorClassIdentifier: 
  materialName: WeaponBlunt
--- !u!1 &5916579072981632130
GameObject:
  m_ObjectHideFlags: 0
  m_CorrespondingSourceObject: {fileID: 0}
  m_PrefabInstance: {fileID: 0}
  m_PrefabAsset: {fileID: 0}
  serializedVersion: 6
  m_Component:
  - component: {fileID: 3000309488574229503}
  - component: {fileID: 8065761772305481330}
  - component: {fileID: 3552957840087571729}
  m_Layer: 0
  m_Name: staffcross_low.003 (1)
  m_TagString: Untagged
  m_Icon: {fileID: 0}
  m_NavMeshLayer: 0
  m_StaticEditorFlags: 0
  m_IsActive: 1
--- !u!4 &3000309488574229503
Transform:
  m_ObjectHideFlags: 0
  m_CorrespondingSourceObject: {fileID: 0}
  m_PrefabInstance: {fileID: 0}
  m_PrefabAsset: {fileID: 0}
  m_GameObject: {fileID: 5916579072981632130}
  m_LocalRotation: {x: 0.000000081460335, y: 0, z: -0, w: 1}
  m_LocalPosition: {x: -0, y: 166.8, z: 0}
  m_LocalScale: {x: 100, y: 100, z: 100}
  m_Children: []
  m_Father: {fileID: 2926762662218023564}
  m_RootOrder: 5
  m_LocalEulerAnglesHint: {x: 0, y: 0, z: 0}
--- !u!33 &8065761772305481330
MeshFilter:
  m_ObjectHideFlags: 0
  m_CorrespondingSourceObject: {fileID: 0}
  m_PrefabInstance: {fileID: 0}
  m_PrefabAsset: {fileID: 0}
  m_GameObject: {fileID: 5916579072981632130}
  m_Mesh: {fileID: 4381963113825126316, guid: 5d3bc69e1647539429157b276728f581, type: 3}
--- !u!23 &3552957840087571729
MeshRenderer:
  m_ObjectHideFlags: 0
  m_CorrespondingSourceObject: {fileID: 0}
  m_PrefabInstance: {fileID: 0}
  m_PrefabAsset: {fileID: 0}
  m_GameObject: {fileID: 5916579072981632130}
  m_Enabled: 1
  m_CastShadows: 1
  m_ReceiveShadows: 1
  m_DynamicOccludee: 1
  m_MotionVectors: 1
  m_LightProbeUsage: 1
  m_ReflectionProbeUsage: 1
  m_RayTracingMode: 2
  m_RenderingLayerMask: 1
  m_RendererPriority: 0
  m_Materials:
  - {fileID: 2100000, guid: f46fd133d02938c49a4ecd700a952a60, type: 2}
  m_StaticBatchInfo:
    firstSubMesh: 0
    subMeshCount: 0
  m_StaticBatchRoot: {fileID: 0}
  m_ProbeAnchor: {fileID: 0}
  m_LightProbeVolumeOverride: {fileID: 0}
  m_ScaleInLightmap: 1
  m_ReceiveGI: 1
  m_PreserveUVs: 0
  m_IgnoreNormalsForChartDetection: 0
  m_ImportantGI: 0
  m_StitchLightmapSeams: 1
  m_SelectedEditorRenderState: 3
  m_MinimumChartSize: 4
  m_AutoUVMaxDistance: 0.5
  m_AutoUVMaxAngle: 89
  m_LightmapParameters: {fileID: 0}
  m_SortingLayerID: 0
  m_SortingLayer: 0
  m_SortingOrder: 0
--- !u!1 &6239094584185982207
GameObject:
  m_ObjectHideFlags: 0
  m_CorrespondingSourceObject: {fileID: 0}
  m_PrefabInstance: {fileID: 0}
  m_PrefabAsset: {fileID: 0}
  serializedVersion: 6
  m_Component:
  - component: {fileID: 4825054350455802260}
  - component: {fileID: 8037283177557904525}
  - component: {fileID: 522848135488126286}
  m_Layer: 0
  m_Name: staffcross_low.003 (4)
  m_TagString: Untagged
  m_Icon: {fileID: 0}
  m_NavMeshLayer: 0
  m_StaticEditorFlags: 0
  m_IsActive: 1
--- !u!4 &4825054350455802260
Transform:
  m_ObjectHideFlags: 0
  m_CorrespondingSourceObject: {fileID: 0}
  m_PrefabInstance: {fileID: 0}
  m_PrefabAsset: {fileID: 0}
  m_GameObject: {fileID: 6239094584185982207}
  m_LocalRotation: {x: 0.000000081460335, y: 0, z: -0, w: 1}
  m_LocalPosition: {x: -0, y: 655, z: 0}
  m_LocalScale: {x: 100, y: 100, z: 100}
  m_Children: []
  m_Father: {fileID: 2926762662218023564}
  m_RootOrder: 8
  m_LocalEulerAnglesHint: {x: 0, y: 0, z: 0}
--- !u!33 &8037283177557904525
MeshFilter:
  m_ObjectHideFlags: 0
  m_CorrespondingSourceObject: {fileID: 0}
  m_PrefabInstance: {fileID: 0}
  m_PrefabAsset: {fileID: 0}
  m_GameObject: {fileID: 6239094584185982207}
  m_Mesh: {fileID: 4381963113825126316, guid: 5d3bc69e1647539429157b276728f581, type: 3}
--- !u!23 &522848135488126286
MeshRenderer:
  m_ObjectHideFlags: 0
  m_CorrespondingSourceObject: {fileID: 0}
  m_PrefabInstance: {fileID: 0}
  m_PrefabAsset: {fileID: 0}
  m_GameObject: {fileID: 6239094584185982207}
  m_Enabled: 1
  m_CastShadows: 1
  m_ReceiveShadows: 1
  m_DynamicOccludee: 1
  m_MotionVectors: 1
  m_LightProbeUsage: 1
  m_ReflectionProbeUsage: 1
  m_RayTracingMode: 2
  m_RenderingLayerMask: 1
  m_RendererPriority: 0
  m_Materials:
  - {fileID: 2100000, guid: f46fd133d02938c49a4ecd700a952a60, type: 2}
  m_StaticBatchInfo:
    firstSubMesh: 0
    subMeshCount: 0
  m_StaticBatchRoot: {fileID: 0}
  m_ProbeAnchor: {fileID: 0}
  m_LightProbeVolumeOverride: {fileID: 0}
  m_ScaleInLightmap: 1
  m_ReceiveGI: 1
  m_PreserveUVs: 0
  m_IgnoreNormalsForChartDetection: 0
  m_ImportantGI: 0
  m_StitchLightmapSeams: 1
  m_SelectedEditorRenderState: 3
  m_MinimumChartSize: 4
  m_AutoUVMaxDistance: 0.5
  m_AutoUVMaxAngle: 89
  m_LightmapParameters: {fileID: 0}
  m_SortingLayerID: 0
  m_SortingLayer: 0
  m_SortingOrder: 0
--- !u!1 &8345085456565180213
GameObject:
  m_ObjectHideFlags: 0
  m_CorrespondingSourceObject: {fileID: 0}
  m_PrefabInstance: {fileID: 0}
  m_PrefabAsset: {fileID: 0}
  serializedVersion: 6
  m_Component:
  - component: {fileID: 6044079173975091577}
  - component: {fileID: 5856603917148848665}
  - component: {fileID: 8316591733573473259}
  m_Layer: 0
  m_Name: staffcross_low.003 (2)
  m_TagString: Untagged
  m_Icon: {fileID: 0}
  m_NavMeshLayer: 0
  m_StaticEditorFlags: 0
  m_IsActive: 1
--- !u!4 &6044079173975091577
Transform:
  m_ObjectHideFlags: 0
  m_CorrespondingSourceObject: {fileID: 0}
  m_PrefabInstance: {fileID: 0}
  m_PrefabAsset: {fileID: 0}
  m_GameObject: {fileID: 8345085456565180213}
  m_LocalRotation: {x: 0.000000081460335, y: 0, z: -0, w: 1}
  m_LocalPosition: {x: -0, y: 331, z: -0}
  m_LocalScale: {x: 100, y: 100, z: 100}
  m_Children: []
  m_Father: {fileID: 2926762662218023564}
  m_RootOrder: 6
  m_LocalEulerAnglesHint: {x: 0, y: 0, z: 0}
--- !u!33 &5856603917148848665
MeshFilter:
  m_ObjectHideFlags: 0
  m_CorrespondingSourceObject: {fileID: 0}
  m_PrefabInstance: {fileID: 0}
  m_PrefabAsset: {fileID: 0}
  m_GameObject: {fileID: 8345085456565180213}
  m_Mesh: {fileID: 4381963113825126316, guid: 5d3bc69e1647539429157b276728f581, type: 3}
--- !u!23 &8316591733573473259
MeshRenderer:
  m_ObjectHideFlags: 0
  m_CorrespondingSourceObject: {fileID: 0}
  m_PrefabInstance: {fileID: 0}
  m_PrefabAsset: {fileID: 0}
  m_GameObject: {fileID: 8345085456565180213}
  m_Enabled: 1
  m_CastShadows: 1
  m_ReceiveShadows: 1
  m_DynamicOccludee: 1
  m_MotionVectors: 1
  m_LightProbeUsage: 1
  m_ReflectionProbeUsage: 1
  m_RayTracingMode: 2
  m_RenderingLayerMask: 1
  m_RendererPriority: 0
  m_Materials:
  - {fileID: 2100000, guid: f46fd133d02938c49a4ecd700a952a60, type: 2}
  m_StaticBatchInfo:
    firstSubMesh: 0
    subMeshCount: 0
  m_StaticBatchRoot: {fileID: 0}
  m_ProbeAnchor: {fileID: 0}
  m_LightProbeVolumeOverride: {fileID: 0}
  m_ScaleInLightmap: 1
  m_ReceiveGI: 1
  m_PreserveUVs: 0
  m_IgnoreNormalsForChartDetection: 0
  m_ImportantGI: 0
  m_StitchLightmapSeams: 1
  m_SelectedEditorRenderState: 3
  m_MinimumChartSize: 4
  m_AutoUVMaxDistance: 0.5
  m_AutoUVMaxAngle: 89
  m_LightmapParameters: {fileID: 0}
  m_SortingLayerID: 0
  m_SortingLayer: 0
  m_SortingOrder: 0
--- !u!1001 &3393262616294761831
PrefabInstance:
  m_ObjectHideFlags: 0
  serializedVersion: 2
  m_Modification:
    m_TransformParent: {fileID: 4326506659499449028}
    m_Modifications:
    - target: {fileID: -9205929748471768158, guid: 5d3bc69e1647539429157b276728f581,
        type: 3}
      propertyPath: m_Materials.Array.data[0]
      value: 
      objectReference: {fileID: 2100000, guid: f46fd133d02938c49a4ecd700a952a60, type: 2}
    - target: {fileID: -8679921383154817045, guid: 5d3bc69e1647539429157b276728f581,
        type: 3}
      propertyPath: m_LocalPosition.x
      value: 0
      objectReference: {fileID: 0}
    - target: {fileID: -8679921383154817045, guid: 5d3bc69e1647539429157b276728f581,
        type: 3}
      propertyPath: m_LocalPosition.y
      value: -19.7495
      objectReference: {fileID: 0}
    - target: {fileID: -8679921383154817045, guid: 5d3bc69e1647539429157b276728f581,
        type: 3}
      propertyPath: m_LocalPosition.z
      value: 0
      objectReference: {fileID: 0}
    - target: {fileID: -8679921383154817045, guid: 5d3bc69e1647539429157b276728f581,
        type: 3}
      propertyPath: m_LocalRotation.x
      value: 1
      objectReference: {fileID: 0}
    - target: {fileID: -8679921383154817045, guid: 5d3bc69e1647539429157b276728f581,
        type: 3}
      propertyPath: m_LocalRotation.y
      value: -0
      objectReference: {fileID: 0}
    - target: {fileID: -8679921383154817045, guid: 5d3bc69e1647539429157b276728f581,
        type: 3}
      propertyPath: m_LocalRotation.z
      value: -0
      objectReference: {fileID: 0}
    - target: {fileID: -8679921383154817045, guid: 5d3bc69e1647539429157b276728f581,
        type: 3}
      propertyPath: m_LocalRotation.w
      value: 0
      objectReference: {fileID: 0}
    - target: {fileID: -8679921383154817045, guid: 5d3bc69e1647539429157b276728f581,
        type: 3}
      propertyPath: m_RootOrder
      value: 0
      objectReference: {fileID: 0}
    - target: {fileID: -8679921383154817045, guid: 5d3bc69e1647539429157b276728f581,
        type: 3}
      propertyPath: m_LocalEulerAnglesHint.x
      value: 180
      objectReference: {fileID: 0}
    - target: {fileID: -8679921383154817045, guid: 5d3bc69e1647539429157b276728f581,
        type: 3}
      propertyPath: m_LocalEulerAnglesHint.y
      value: 0
      objectReference: {fileID: 0}
    - target: {fileID: -8679921383154817045, guid: 5d3bc69e1647539429157b276728f581,
        type: 3}
      propertyPath: m_LocalEulerAnglesHint.z
      value: 0
      objectReference: {fileID: 0}
    - target: {fileID: -8679921383154817045, guid: 5d3bc69e1647539429157b276728f581,
        type: 3}
      propertyPath: m_LocalScale.x
      value: 0.064924106
      objectReference: {fileID: 0}
    - target: {fileID: -8679921383154817045, guid: 5d3bc69e1647539429157b276728f581,
        type: 3}
      propertyPath: m_LocalScale.y
      value: 0.064924106
      objectReference: {fileID: 0}
    - target: {fileID: -8679921383154817045, guid: 5d3bc69e1647539429157b276728f581,
        type: 3}
      propertyPath: m_LocalScale.z
      value: 0.064924106
      objectReference: {fileID: 0}
    - target: {fileID: -5118099586112442804, guid: 5d3bc69e1647539429157b276728f581,
        type: 3}
      propertyPath: m_Materials.Array.data[0]
      value: 
      objectReference: {fileID: 2100000, guid: f46fd133d02938c49a4ecd700a952a60, type: 2}
    - target: {fileID: -3691728813707801954, guid: 5d3bc69e1647539429157b276728f581,
        type: 3}
      propertyPath: m_Materials.Array.data[0]
      value: 
      objectReference: {fileID: 2100000, guid: f46fd133d02938c49a4ecd700a952a60, type: 2}
    - target: {fileID: 919132149155446097, guid: 5d3bc69e1647539429157b276728f581,
        type: 3}
      propertyPath: m_Name
      value: untitled
      objectReference: {fileID: 0}
    - target: {fileID: 2650022511374295652, guid: 5d3bc69e1647539429157b276728f581,
        type: 3}
      propertyPath: m_Materials.Array.data[0]
      value: 
      objectReference: {fileID: 2100000, guid: f46fd133d02938c49a4ecd700a952a60, type: 2}
    - target: {fileID: 4816381712464897272, guid: 5d3bc69e1647539429157b276728f581,
        type: 3}
      propertyPath: m_Materials.Array.data[0]
      value: 
      objectReference: {fileID: 2100000, guid: f46fd133d02938c49a4ecd700a952a60, type: 2}
    - target: {fileID: 6057270896225330575, guid: 5d3bc69e1647539429157b276728f581,
        type: 3}
      propertyPath: m_LocalPosition.y
      value: 654.3
      objectReference: {fileID: 0}
    - target: {fileID: 6057270896225330575, guid: 5d3bc69e1647539429157b276728f581,
        type: 3}
      propertyPath: m_LocalPosition.z
      value: 0
      objectReference: {fileID: 0}
    m_RemovedComponents: []
  m_SourcePrefab: {fileID: 100100000, guid: 5d3bc69e1647539429157b276728f581, type: 3}
--- !u!23 &7193113280913862649 stripped
MeshRenderer:
  m_CorrespondingSourceObject: {fileID: -3691728813707801954, guid: 5d3bc69e1647539429157b276728f581,
    type: 3}
  m_PrefabInstance: {fileID: 3393262616294761831}
  m_PrefabAsset: {fileID: 0}
--- !u!23 &851619241082504963 stripped
MeshRenderer:
  m_CorrespondingSourceObject: {fileID: 2650022511374295652, guid: 5d3bc69e1647539429157b276728f581,
    type: 3}
  m_PrefabInstance: {fileID: 3393262616294761831}
  m_PrefabAsset: {fileID: 0}
--- !u!23 &3398737725329718981 stripped
MeshRenderer:
  m_CorrespondingSourceObject: {fileID: -9205929748471768158, guid: 5d3bc69e1647539429157b276728f581,
    type: 3}
  m_PrefabInstance: {fileID: 3393262616294761831}
  m_PrefabAsset: {fileID: 0}
--- !u!4 &2926762662218023564 stripped
Transform:
  m_CorrespondingSourceObject: {fileID: -8679921383154817045, guid: 5d3bc69e1647539429157b276728f581,
    type: 3}
  m_PrefabInstance: {fileID: 3393262616294761831}
  m_PrefabAsset: {fileID: 0}
--- !u!23 &1724757522518969131 stripped
MeshRenderer:
  m_CorrespondingSourceObject: {fileID: -5118099586112442804, guid: 5d3bc69e1647539429157b276728f581,
    type: 3}
  m_PrefabInstance: {fileID: 3393262616294761831}
  m_PrefabAsset: {fileID: 0}
--- !u!23 &7908448459952538015 stripped
MeshRenderer:
  m_CorrespondingSourceObject: {fileID: 4816381712464897272, guid: 5d3bc69e1647539429157b276728f581,
    type: 3}
  m_PrefabInstance: {fileID: 3393262616294761831}
  m_PrefabAsset: {fileID: 0}
--- !u!1001 &6342526098694190708
PrefabInstance:
  m_ObjectHideFlags: 0
  serializedVersion: 2
  m_Modification:
    m_TransformParent: {fileID: 0}
    m_Modifications:
    - target: {fileID: 9417456609884972, guid: 87eb642eb3dccb74082497b719dd9ce8, type: 3}
      propertyPath: m_LocalScale.y
      value: 0.1932918
      objectReference: {fileID: 0}
    - target: {fileID: 9417456609884972, guid: 87eb642eb3dccb74082497b719dd9ce8, type: 3}
      propertyPath: m_LocalScale.x
      value: 0.13943
      objectReference: {fileID: 0}
    - target: {fileID: 9417456609884972, guid: 87eb642eb3dccb74082497b719dd9ce8, type: 3}
      propertyPath: m_LocalScale.z
      value: 0.13943
      objectReference: {fileID: 0}
    - target: {fileID: 181892827834390252, guid: 87eb642eb3dccb74082497b719dd9ce8,
        type: 3}
      propertyPath: m_LocalScale.x
      value: 0.13943
      objectReference: {fileID: 0}
    - target: {fileID: 181892827834390252, guid: 87eb642eb3dccb74082497b719dd9ce8,
        type: 3}
      propertyPath: m_LocalScale.y
      value: 0.19329183
      objectReference: {fileID: 0}
    - target: {fileID: 181892827834390252, guid: 87eb642eb3dccb74082497b719dd9ce8,
        type: 3}
      propertyPath: m_LocalScale.z
      value: 0.13943002
      objectReference: {fileID: 0}
    - target: {fileID: 281082045559000656, guid: 87eb642eb3dccb74082497b719dd9ce8,
        type: 3}
      propertyPath: skillChangeColors.Array.size
      value: 5
      objectReference: {fileID: 0}
    - target: {fileID: 281082045559000656, guid: 87eb642eb3dccb74082497b719dd9ce8,
        type: 3}
      propertyPath: skillChangeColors.Array.data[0]
      value: 
      objectReference: {fileID: 3398737725329718981}
    - target: {fileID: 281082045559000656, guid: 87eb642eb3dccb74082497b719dd9ce8,
        type: 3}
      propertyPath: skillChangeColors.Array.data[1]
      value: 
      objectReference: {fileID: 851619241082504963}
    - target: {fileID: 281082045559000656, guid: 87eb642eb3dccb74082497b719dd9ce8,
        type: 3}
      propertyPath: skillChangeColors.Array.data[2]
      value: 
      objectReference: {fileID: 7193113280913862649}
    - target: {fileID: 281082045559000656, guid: 87eb642eb3dccb74082497b719dd9ce8,
        type: 3}
      propertyPath: skillChangeColors.Array.data[3]
      value: 
      objectReference: {fileID: 7908448459952538015}
    - target: {fileID: 281082045559000656, guid: 87eb642eb3dccb74082497b719dd9ce8,
        type: 3}
      propertyPath: skillChangeColors.Array.data[4]
      value: 
      objectReference: {fileID: 1724757522518969131}
    - target: {fileID: 281082045559000656, guid: 87eb642eb3dccb74082497b719dd9ce8,
        type: 3}
      propertyPath: skillChangeColors.Array.data[5]
      value: 
      objectReference: {fileID: 0}
    - target: {fileID: 281082045559000656, guid: 87eb642eb3dccb74082497b719dd9ce8,
        type: 3}
      propertyPath: skillChangeColors.Array.data[6]
      value: 
      objectReference: {fileID: 0}
    - target: {fileID: 281082045559000656, guid: 87eb642eb3dccb74082497b719dd9ce8,
        type: 3}
      propertyPath: skillChangeColors.Array.data[7]
      value: 
      objectReference: {fileID: 0}
    - target: {fileID: 281082045559000656, guid: 87eb642eb3dccb74082497b719dd9ce8,
        type: 3}
      propertyPath: skillChangeColors.Array.data[8]
      value: 
      objectReference: {fileID: 0}
    - target: {fileID: 281082045559000656, guid: 87eb642eb3dccb74082497b719dd9ce8,
        type: 3}
      propertyPath: skillChangeColors.Array.data[9]
      value: 
      objectReference: {fileID: 0}
    - target: {fileID: 281082045559000656, guid: 87eb642eb3dccb74082497b719dd9ce8,
        type: 3}
      propertyPath: skillChangeColors.Array.data[10]
      value: 
      objectReference: {fileID: 0}
    - target: {fileID: 281082045559000656, guid: 87eb642eb3dccb74082497b719dd9ce8,
        type: 3}
      propertyPath: skillChangeColors.Array.data[11]
      value: 
      objectReference: {fileID: 0}
    - target: {fileID: 281082045559000656, guid: 87eb642eb3dccb74082497b719dd9ce8,
        type: 3}
      propertyPath: skillChangeColors.Array.data[12]
      value: 
      objectReference: {fileID: 0}
    - target: {fileID: 281082045559000656, guid: 87eb642eb3dccb74082497b719dd9ce8,
        type: 3}
      propertyPath: skillChangeColors.Array.data[13]
      value: 
      objectReference: {fileID: 0}
    - target: {fileID: 281082045559000656, guid: 87eb642eb3dccb74082497b719dd9ce8,
        type: 3}
      propertyPath: skillChangeColors.Array.data[14]
      value: 
      objectReference: {fileID: 0}
    - target: {fileID: 281082045559000656, guid: 87eb642eb3dccb74082497b719dd9ce8,
        type: 3}
      propertyPath: skillChangeColors.Array.data[15]
      value: 
      objectReference: {fileID: 0}
    - target: {fileID: 281082045559000656, guid: 87eb642eb3dccb74082497b719dd9ce8,
        type: 3}
      propertyPath: skillChangeColors.Array.data[16]
      value: 
      objectReference: {fileID: 0}
    - target: {fileID: 281082045559000656, guid: 87eb642eb3dccb74082497b719dd9ce8,
        type: 3}
      propertyPath: skillChangeColors.Array.data[17]
      value: 
      objectReference: {fileID: 0}
    - target: {fileID: 281082045559000656, guid: 87eb642eb3dccb74082497b719dd9ce8,
        type: 3}
      propertyPath: skillChangeColors.Array.data[18]
      value: 
      objectReference: {fileID: 0}
    - target: {fileID: 299937869241337967, guid: 87eb642eb3dccb74082497b719dd9ce8,
        type: 3}
      propertyPath: m_LocalPosition.z
      value: -0.0763
      objectReference: {fileID: 0}
    - target: {fileID: 719730422865122281, guid: 87eb642eb3dccb74082497b719dd9ce8,
        type: 3}
      propertyPath: m_Materials.Array.data[0]
      value: 
      objectReference: {fileID: 2100000, guid: b050a8f9c0eb6d74797637e50be9132b, type: 2}
    - target: {fileID: 866554869243012770, guid: 87eb642eb3dccb74082497b719dd9ce8,
        type: 3}
      propertyPath: m_Color.g
      value: 0.011764706
      objectReference: {fileID: 0}
    - target: {fileID: 955608905528983825, guid: 87eb642eb3dccb74082497b719dd9ce8,
        type: 3}
      propertyPath: m_RootOrder
      value: 12
      objectReference: {fileID: 0}
    - target: {fileID: 967500876091162214, guid: 87eb642eb3dccb74082497b719dd9ce8,
        type: 3}
      propertyPath: m_Materials.Array.data[0]
      value: 
      objectReference: {fileID: 2100000, guid: b050a8f9c0eb6d74797637e50be9132b, type: 2}
    - target: {fileID: 1033965753205686803, guid: 87eb642eb3dccb74082497b719dd9ce8,
        type: 3}
      propertyPath: soundInfo.soundNames.Array.data[0]
      value: UF_SW_Galaxy_saber_red_clash1
      objectReference: {fileID: 0}
    - target: {fileID: 1033965753205686803, guid: 87eb642eb3dccb74082497b719dd9ce8,
        type: 3}
      propertyPath: soundInfo.soundNames.Array.data[2]
      value: UF_SW_Galaxy_saber_red_clash3
      objectReference: {fileID: 0}
    - target: {fileID: 1033965753205686803, guid: 87eb642eb3dccb74082497b719dd9ce8,
        type: 3}
      propertyPath: soundInfo.soundNames.Array.data[1]
      value: UF_SW_Galaxy_saber_red_clash2
      objectReference: {fileID: 0}
    - target: {fileID: 1109382265213274999, guid: 87eb642eb3dccb74082497b719dd9ce8,
        type: 3}
      propertyPath: m_audioClip
      value: 
      objectReference: {fileID: 8300000, guid: 6d47f6c98b2f9854e8c5c0891de92604, type: 3}
    - target: {fileID: 1162251200614456484, guid: 87eb642eb3dccb74082497b719dd9ce8,
        type: 3}
      propertyPath: m_Height
      value: 3.266762
      objectReference: {fileID: 0}
    - target: {fileID: 1162251200614456484, guid: 87eb642eb3dccb74082497b719dd9ce8,
        type: 3}
      propertyPath: m_Center.y
      value: 0.04993349
      objectReference: {fileID: 0}
    - target: {fileID: 1162251200614456484, guid: 87eb642eb3dccb74082497b719dd9ce8,
        type: 3}
      propertyPath: m_Center.z
      value: -2.5870557e-16
      objectReference: {fileID: 0}
    - target: {fileID: 1240268944051358596, guid: 87eb642eb3dccb74082497b719dd9ce8,
        type: 3}
      propertyPath: m_Name
      value: SaberStaff
      objectReference: {fileID: 0}
    - target: {fileID: 1295981635495000699, guid: 87eb642eb3dccb74082497b719dd9ce8,
        type: 3}
      propertyPath: refs.Array.data[1]
      value: 
      objectReference: {fileID: 4870913921366914437}
    - target: {fileID: 1295981635495000701, guid: 87eb642eb3dccb74082497b719dd9ce8,
        type: 3}
      propertyPath: showName
      value: UF_SW_Galaxy_SaberStaff
      objectReference: {fileID: 0}
    - target: {fileID: 1295981635495000701, guid: 87eb642eb3dccb74082497b719dd9ce8,
        type: 3}
      propertyPath: showInfo
      value: UF_SW_Galaxy_SaberStaff_Desc
      objectReference: {fileID: 0}
    - target: {fileID: 1295981635495000702, guid: 87eb642eb3dccb74082497b719dd9ce8,
        type: 3}
      propertyPath: geos.Array.data[3].geoPoint.x
      value: -0.12
      objectReference: {fileID: 0}
    - target: {fileID: 1295981635495000702, guid: 87eb642eb3dccb74082497b719dd9ce8,
        type: 3}
      propertyPath: geos.Array.data[4].geoPoint.x
      value: 0.12
      objectReference: {fileID: 0}
    - target: {fileID: 1628940976187582186, guid: 87eb642eb3dccb74082497b719dd9ce8,
        type: 3}
      propertyPath: MyMaterial
      value: 
      objectReference: {fileID: 2100000, guid: eb27da273720cf74fb991d93e2afb45a, type: 2}
    - target: {fileID: 2493530926959500576, guid: 87eb642eb3dccb74082497b719dd9ce8,
        type: 3}
      propertyPath: soundInfo.soundNames.Array.data[0]
      value: UF_SW_Galaxy_saber_red_clash1
      objectReference: {fileID: 0}
    - target: {fileID: 2493530926959500576, guid: 87eb642eb3dccb74082497b719dd9ce8,
        type: 3}
      propertyPath: soundInfo.soundNames.Array.data[1]
      value: UF_SW_Galaxy_saber_red_clash2
      objectReference: {fileID: 0}
    - target: {fileID: 2493530926959500576, guid: 87eb642eb3dccb74082497b719dd9ce8,
        type: 3}
      propertyPath: soundInfo.soundNames.Array.data[2]
      value: UF_SW_Galaxy_saber_red_clash3
      objectReference: {fileID: 0}
    - target: {fileID: 2782710190803203263, guid: 87eb642eb3dccb74082497b719dd9ce8,
        type: 3}
      propertyPath: m_RootOrder
      value: 13
      objectReference: {fileID: 0}
    - target: {fileID: 3154701089590684507, guid: 87eb642eb3dccb74082497b719dd9ce8,
        type: 3}
      propertyPath: m_LocalPosition.z
      value: 0.869
      objectReference: {fileID: 0}
    - target: {fileID: 3192640654156407638, guid: 87eb642eb3dccb74082497b719dd9ce8,
        type: 3}
      propertyPath: m_LocalPosition.y
      value: 0.93
      objectReference: {fileID: 0}
    - target: {fileID: 3756354701515048264, guid: 87eb642eb3dccb74082497b719dd9ce8,
        type: 3}
      propertyPath: m_LocalPosition.z
      value: -0.277
      objectReference: {fileID: 0}
    - target: {fileID: 4117983922734984035, guid: 87eb642eb3dccb74082497b719dd9ce8,
        type: 3}
      propertyPath: m_LocalPosition.z
      value: -0.05
      objectReference: {fileID: 0}
    - target: {fileID: 4117983922734984035, guid: 87eb642eb3dccb74082497b719dd9ce8,
        type: 3}
      propertyPath: m_LocalPosition.y
      value: 0
      objectReference: {fileID: 0}
    - target: {fileID: 4307682247113226925, guid: 87eb642eb3dccb74082497b719dd9ce8,
        type: 3}
      propertyPath: m_LocalPosition.y
      value: 0
      objectReference: {fileID: 0}
    - target: {fileID: 4307682247113226925, guid: 87eb642eb3dccb74082497b719dd9ce8,
        type: 3}
      propertyPath: m_LocalPosition.z
      value: -0.27700007
      objectReference: {fileID: 0}
    - target: {fileID: 4735502363374680782, guid: 87eb642eb3dccb74082497b719dd9ce8,
        type: 3}
      propertyPath: m_Materials.Array.data[0]
      value: 
      objectReference: {fileID: 2100000, guid: b050a8f9c0eb6d74797637e50be9132b, type: 2}
    - target: {fileID: 4950646361045544414, guid: 87eb642eb3dccb74082497b719dd9ce8,
        type: 3}
      propertyPath: MyMaterial
      value: 
      objectReference: {fileID: 2100000, guid: eb27da273720cf74fb991d93e2afb45a, type: 2}
    - target: {fileID: 5191321426873617139, guid: 87eb642eb3dccb74082497b719dd9ce8,
        type: 3}
      propertyPath: m_LocalPosition.z
      value: -0.0517
      objectReference: {fileID: 0}
    - target: {fileID: 6044021890197068052, guid: 87eb642eb3dccb74082497b719dd9ce8,
        type: 3}
      propertyPath: lineEndPoint
      value: -0.7
      objectReference: {fileID: 0}
    - target: {fileID: 6044021890197068052, guid: 87eb642eb3dccb74082497b719dd9ce8,
        type: 3}
      propertyPath: lineStartPoint
      value: 0.25
      objectReference: {fileID: 0}
    - target: {fileID: 6198787529766814555, guid: 87eb642eb3dccb74082497b719dd9ce8,
        type: 3}
      propertyPath: m_LocalPosition.x
      value: -0
      objectReference: {fileID: 0}
    - target: {fileID: 6198787529766814555, guid: 87eb642eb3dccb74082497b719dd9ce8,
        type: 3}
      propertyPath: m_LocalPosition.z
      value: -0.0541
      objectReference: {fileID: 0}
    - target: {fileID: 6381137768488025415, guid: 87eb642eb3dccb74082497b719dd9ce8,
        type: 3}
      propertyPath: script.stringList.Array.data[1].value
      value: UF_SW_Galaxy_saber_red_clash1
      objectReference: {fileID: 0}
    - target: {fileID: 6381137768488025415, guid: 87eb642eb3dccb74082497b719dd9ce8,
        type: 3}
      propertyPath: script.stringList.Array.data[2].value
      value: UF_SW_Galaxy_saber_red_clash2
      objectReference: {fileID: 0}
    - target: {fileID: 6381137768488025415, guid: 87eb642eb3dccb74082497b719dd9ce8,
        type: 3}
      propertyPath: script.stringList.Array.data[3].value
      value: UF_SW_Galaxy_saber_red_clash3
      objectReference: {fileID: 0}
    - target: {fileID: 6537530790715155574, guid: 87eb642eb3dccb74082497b719dd9ce8,
        type: 3}
      propertyPath: MyMaterial
      value: 
      objectReference: {fileID: 2100000, guid: eb27da273720cf74fb991d93e2afb45a, type: 2}
    - target: {fileID: 6631017730432394993, guid: 87eb642eb3dccb74082497b719dd9ce8,
        type: 3}
      propertyPath: lineEndPoint
      value: -0.7
      objectReference: {fileID: 0}
    - target: {fileID: 6631017730432394993, guid: 87eb642eb3dccb74082497b719dd9ce8,
        type: 3}
      propertyPath: lineStartPoint
      value: 0.25
      objectReference: {fileID: 0}
    - target: {fileID: 6855446098710605069, guid: 87eb642eb3dccb74082497b719dd9ce8,
        type: 3}
      propertyPath: m_IsActive
      value: 0
      objectReference: {fileID: 0}
    - target: {fileID: 6875891285816724005, guid: 87eb642eb3dccb74082497b719dd9ce8,
        type: 3}
      propertyPath: m_LocalPosition.z
      value: 0.196
      objectReference: {fileID: 0}
    - target: {fileID: 7486512410005301703, guid: 87eb642eb3dccb74082497b719dd9ce8,
        type: 3}
      propertyPath: m_LocalPosition.x
      value: -0
      objectReference: {fileID: 0}
    - target: {fileID: 7486512410005301703, guid: 87eb642eb3dccb74082497b719dd9ce8,
        type: 3}
      propertyPath: m_LocalPosition.z
      value: -0.1652
      objectReference: {fileID: 0}
    - target: {fileID: 7539694693573730064, guid: 87eb642eb3dccb74082497b719dd9ce8,
        type: 3}
      propertyPath: soundInfo.soundNames.Array.data[0]
      value: UF_SW_Galaxy_saber_red_on1
      objectReference: {fileID: 0}
    - target: {fileID: 8737716410198969365, guid: 87eb642eb3dccb74082497b719dd9ce8,
        type: 3}
      propertyPath: script.stringList.Array.data[0].value
      value: UF_SW_Galaxy_saber_red_on1
      objectReference: {fileID: 0}
    - target: {fileID: 8737716410198969365, guid: 87eb642eb3dccb74082497b719dd9ce8,
        type: 3}
      propertyPath: script.stringList.Array.data[1].value
      value: UF_SW_Galaxy_saber_red_off1
      objectReference: {fileID: 0}
    - target: {fileID: 8784460603425628271, guid: 87eb642eb3dccb74082497b719dd9ce8,
        type: 3}
      propertyPath: m_LocalPosition.z
      value: -0.1652
      objectReference: {fileID: 0}
    - target: {fileID: 8825073810576070088, guid: 87eb642eb3dccb74082497b719dd9ce8,
        type: 3}
      propertyPath: m_LocalPosition.y
      value: 0.766
      objectReference: {fileID: 0}
    - target: {fileID: 9167300036181571568, guid: 87eb642eb3dccb74082497b719dd9ce8,
        type: 3}
      propertyPath: soundInfo.soundNames.Array.data[0]
      value: UF_SW_Galaxy_saber_red_off1
      objectReference: {fileID: 0}
    - target: {fileID: 9181629621366753904, guid: 87eb642eb3dccb74082497b719dd9ce8,
        type: 3}
      propertyPath: m_LocalPosition.x
      value: 2
      objectReference: {fileID: 0}
    - target: {fileID: 9181629621366753904, guid: 87eb642eb3dccb74082497b719dd9ce8,
        type: 3}
      propertyPath: m_LocalPosition.y
      value: 0
      objectReference: {fileID: 0}
    - target: {fileID: 9181629621366753904, guid: 87eb642eb3dccb74082497b719dd9ce8,
        type: 3}
      propertyPath: m_LocalPosition.z
      value: 0
      objectReference: {fileID: 0}
    - target: {fileID: 9181629621366753904, guid: 87eb642eb3dccb74082497b719dd9ce8,
        type: 3}
      propertyPath: m_LocalRotation.x
      value: 0
      objectReference: {fileID: 0}
    - target: {fileID: 9181629621366753904, guid: 87eb642eb3dccb74082497b719dd9ce8,
        type: 3}
      propertyPath: m_LocalRotation.y
      value: 0
      objectReference: {fileID: 0}
    - target: {fileID: 9181629621366753904, guid: 87eb642eb3dccb74082497b719dd9ce8,
        type: 3}
      propertyPath: m_LocalRotation.z
      value: 0
      objectReference: {fileID: 0}
    - target: {fileID: 9181629621366753904, guid: 87eb642eb3dccb74082497b719dd9ce8,
        type: 3}
      propertyPath: m_LocalRotation.w
      value: 1
      objectReference: {fileID: 0}
    - target: {fileID: 9181629621366753904, guid: 87eb642eb3dccb74082497b719dd9ce8,
        type: 3}
      propertyPath: m_RootOrder
      value: 0
      objectReference: {fileID: 0}
    - target: {fileID: 9181629621366753904, guid: 87eb642eb3dccb74082497b719dd9ce8,
        type: 3}
      propertyPath: m_LocalEulerAnglesHint.x
      value: 0
      objectReference: {fileID: 0}
    - target: {fileID: 9181629621366753904, guid: 87eb642eb3dccb74082497b719dd9ce8,
        type: 3}
      propertyPath: m_LocalEulerAnglesHint.y
      value: 0
      objectReference: {fileID: 0}
    - target: {fileID: 9181629621366753904, guid: 87eb642eb3dccb74082497b719dd9ce8,
        type: 3}
      propertyPath: m_LocalEulerAnglesHint.z
      value: 0
      objectReference: {fileID: 0}
    m_RemovedComponents: []
  m_SourcePrefab: {fileID: 100100000, guid: 87eb642eb3dccb74082497b719dd9ce8, type: 3}
--- !u!4 &2841382822727040004 stripped
Transform:
  m_CorrespondingSourceObject: {fileID: 9181629621366753904, guid: 87eb642eb3dccb74082497b719dd9ce8,
    type: 3}
  m_PrefabInstance: {fileID: 6342526098694190708}
  m_PrefabAsset: {fileID: 0}
